3759 4784
271 609 275 617 ’
354 626 359 633 -
454 579 610 669 Trnffls
649 576 699 665 ad
731 578 872 669 fotum
903 574 1195 665 ecciesnfficum
1231 575 1496 665 matrimonii·
1515 582 1654 683 cnitfis,

341 704 413 807 (ᾗ.
431 705 489 816 3.)
516 694 726 809 pontifices
754 716 795 779 et
824 692 1008 805 episcopi,
1031 719 1117 779 non
1148 688 1284 803 quoad
1301 696 1483 803 priuatos
1509 694 1655 796 solum,

343 812 410 903 sed
424 838 593 925 quoque
633 808 740 895 troad
756 806 985 907 illustres,in
995 808 1129 919 quieta
1144 804 1430 893 iurisditiionis
1443 810 1652 896 mattImo

343 926 455 1017 nialis
484 836 722 1039 possesione
746 924 991 1021 manserunt,
1000 948 1129 1035 vsque
1151 920 1251 1006 dum
1274 925 1379 1008 Saee
1388 923 1497 1009 XVL
1529 924 1654 1010 refor-

344 1044 465 1130 matis
494 1036 719 1127 aLuthero
739 1037 873 1137 sacris,
913 1036 1018 1122 varia
1041 1062 1165 1237 sehgssi
1187 1034 1405 1149 pluresque
1429 1034 1660 1125 Gennanici

279 1219 284 1230 -
343 1156 499 1267 imperii
521 1153 762 1266 prouinciae,
779 1151 938 1237 excusso
956 1154 1073 1263 ponti
1102 1152 1157 1236 cis
1179 1152 1295 1265 ingo,
1325 1152 1411 1237 eius
1425 1154 1467 1237 in
1484 1152 1654 1238 ecclesia·

346 1272 447 1357 stitis
471 1292 512 1354 et
533 1262 895 1353 matrimonialibus
919 1264 1042 1350 causis
1107 1268 1316 1352 otestrtem
1346 1266 1518 1379 amplius
1546 1267 1656 1353 haud

347 1381 617 1499 agnoscerent.
671 1382 729 1465 Ex
751 1377 836 1465 hoc
849 1401 1038 1504 tempore
1088 1380 1206 1491 uplex
1228 1379 1512 1491 supremorum
1528 1382 1655 1494 impe·

291 1556 295 1563 -
345 1498 521 1587 fantium
543 1492 735 1581 conditio.
789 1494 823 1579 li
837 1495 962 1591 etnim,
982 1494 1053 1605 qui
1079 1496 1255 1607 puriora·
1269 1492 1515 1607 profitentur
1537 1524 1658 1582 euan-

337 1610 571 1727 geliorum
595 1610 718 1713 sacra,
739 1608 882 1697 reieffl
896 1606 1135 1720 pontificum
1166 1632 1206 1695 et
1222 1610 1509 1721 ,episcoporum
1532 1612 1573 1725 in
1596 1637 1656 1696 ec·

347 1725 558 1813 ciefinsiicis
582 1728 789 1837 potestate,
822 1722 980 1835 pristina
1001 1722 1250 1809 vindicarunt
1281 1725 1380 1823 iura,
1406 1724 1499 1811 inde
1528 1720 1581 1810 tie
1596 1726 1659 1809 su·

344 1842 548 1957 periotem
578 1862 618 1923 et
640 1836 811 1923 iudicem
828 1838 871 1921 in
897 1830 1037 1922 caustis
1063 1861 1148 1923 non
1169 1838 1389 1955 agnoscunt
1403 1754 1657 1925 eccleznsticis

345 1982 390 2041 ac
405 1946 764 2039 matrimonialibus
783 1952 843 2058 (i).
896 1950 957 2035 lili
976 1976 1088 2047 vero,
1105 1952 1176 2061 qui
1199 1952 1499 2065 pontificiorum
1515 1952 1657 2039 adhae-

345 2090 439 2155 rent
467 2064 689 2181 principiis,
725 2061 960 2176 pontificem
982 2087 1024 2152 et
1040 2064 1259 2178 'episcopos
1293 2064 1448 2153 habent
1483 2066 1656 2173 iudioes3

347 2181 521 2299 proinde
537 2207 622 2266 non
644 2179 712 2265 nist
735 2181 896 2291 praeuia
917 2182 1049 2266 causae
1079 2180 1312 2294 cognitione
1334 2202 1376 2268 et
1400 2184 1658 2295 pronuntiata
1693 2286 1704 2295 ,

214 2356 220 2367 ‹
348 2294 399 2383 rb
421 2294 670 2384 ecclesiastico
695 2292 824 2381 iudice
841 2296 1050 2393 sententia,
1076 2322 1224 2380 eomm
1248 2296 1506 2382 matrimonia
1528 2296 1658 2383 dissol-

348 2436 519 2497 uuntur.
575 2409 815 2495 Trasimtut
823 2406 1061 2495 huiusmodi
1072 2410 1218 2494 cansstte
1228 2409 1369 2495 ordine
1385 2414 1603 2523 processus,
1613 2411 1656 2496 in

347 2526 438 2611 iure
465 2524 676 2612 Canonico
691 2517 910 2636 proscripti,
931 2546 1057 2635 prout
1088 2520 1237 2609 docent
1258 2527 1437 2637 exempla
1458 2524 1669 2613 diuortio:

347 2664 443 2721 mm
467 2659 552 2721 tam
573 2657 810 2723 exterorum
832 2666 956 2751 quam
979 2638 1281 2725 Germanorum
1311 2666 1334 2723 a
1363 2668 1406 2725 n.
1442 2664 1654 2737 srrtvvro

347 2748 615 2837 collestotum
637 2771 679 2833 et
687 2750 737 2854 'in
752 2750 835 2837 hoc
853 2753 1066 2839 volumine
1085 2748 1375 2840 exhibitorum.

935 2936 976 3038 §-
1027 2933 1079 3017 v.

463 3065 713 3175 Imperantes
747 3059 894 3149 summi
926 3058 1194 3175 euangeliotm
1227 3062 1485 3177 agnoscentes
1518 3060 1658 3149 verita·

275 3249 279 3258 .
346 3202 434 3266 tem
457 3176 631 3262 iudicem
659 3178 702 3263 in
729 3175 894 3265 diuortii
918 3204 1004 3265 non
1027 3174 1180 3265 habent
1205 3173 1343 3264 cansiis
1368 3178 1436 3289 (§.
1452 3182 1532 3295 4).
1586 3176 1657 3261 Ni·

304 3292 314 3301 ’
347 3292 572 3381 hilominus
592 3312 730 3375 tamen
752 3294 899 3379 consilii
913 3294 1033 3407 exigit
1044 3294 1167 3391 tatio,
1187 3319 1240 3379 ne
1254 3292 1325 3378 fibi
1340 3292 1410 3377 soli
1426 3292 1559 3379 credat
1581 3292 1656 3377 irn-

347 3405 666 3521 petnns‚quippe
688 3404 772 3517 qui,
794 3428 922 3512 prout
950 3408 1003 3491 in·-
1026 3400 1184 3511 diffidiis
1209 3404 1296 3492 fien'
1323 3407 1422 3494 solet
1447 3408 1657 3493 matrimo-

333 3517 531 3615 nialibus,
544 3519 600 3603 ira
620 3542 663 3603 et
684 3514 890 3603 affefflbus
911 3519 1089 3629 repletus
1113 3520 1222 3609 fitcile
1246 3519 1294 3605 nd
1318 3549 1361 3607 ea
1381 3518 1572 3635 progredi
1580 3544 1654 3629 po·
1716 3622 1722 3631 ¹

348 3639 436 3732 test,
470 3653 572 3744 quae
584 3634 663 3719 Dei
686 3658 770 3717 non
789 3636 1041 3723 conueniunt
1068 3639 1313 3743 praeceptis,
1337 3664 1494 3749 quaeue
1526 3634 1656 3744 ipsum

346 3747 416 3833 srbi
439 3751 682 3859 'compotem
707 3744 857 3833 fesium
880 3772 922 3833 et
957 3747 1162 3836 affefflbus
1196 3746 1408 3837 liberatum
1426 3750 1656 3863 poeniteat.
1694 3794 1698 3801 ·

345 3861 470 3951 Resie
491 3860 662 3977 proinde
683 3858 755 3952 sibi
767 3862 981 3954 consulunt
1000 3863 1169 3953 illustres
1191 3866 1366 3981 supremi
1389 3866 1657 3995 ‘imperantem

1573 4004 1658 4089 ‘1⁰¹³

393 4131 440 4233 (i)
462 4152 670 4203 tvoovror
685 4126 726 4201 le
741 4128 845 4201 iudice
858 4134 897 4201 in
915 4132 1024 4229 σαψ)
1040 4131 1470 4231 ρήνῴηψοιψιιὴ
1490 4134 1659 4206 matrimo-

461 4232 599 4305 nialibus
619 4242 652 4313 ς.
661 4252 710 4316 14.
783 4274 791 4293 ·
986 4327 993 4361 Ι
1230 4314 1239 4339 ἱ
1334 4290 1345 4335 t
