3759 4784
314 259 398 344 m
652 183 1320 342 mmmnmmmm

312 413 530 532 postposrta
550 401 834 524 adpellation'e,
865 405 914 494 acl
931 407 1082 606 Papam
1096 407 1274 523 legitime
1289 406 1537 523 interpofita,
1552 437 1628 524 pro

271 533 275 540 ’
314 561 392 632 eo,
415 523 530 640 quod
549 526 688 612 locum
715 523 977 636 suspeiluma
1006 521 1258 636 signauerant
1282 523 1349 634 lpsr
1375 525 1475 638 regi,
1503 527 1631 612 inne·
1699 535 1703 541 '

316 646 437 764 gotio
459 641 722 754 processerant
737 659 972 726 memorato
993 701 1009 740 ,
1032 659 1074 722 et
1095 638 1189 748 quia
1211 635 1384 748 praefata
1436 641 1634 726 Constan-

317 750 443 848 tia'ad
463 755 614 852 causam
630 776 798 840 euocata
815 779 901 838 non
918 749 1062 856 fiterat,
1085 749 1133 836 ad
1154 777 1277 863 quam
1298 749 1481 839 eiusdem
1501 781 1632 870 nego·

318 876 364 964 tii
388 869 565 958 defenm
584 863 830 981 pertinebat,
845 890 949 952 ¹cum
976 867 1068 978 post
1090 866 1326 952 sententiam
1357 863 1521 954 diuortii
1543 868 1632 982 regi

316 991 450 1078 luerat
468 987 510 1072 in
527 981 740 1097 conspeslu
759 981 937 1066 ecclesiae
957 979 1152 1093 copulata.
1200 975 1402 1066 Praediua
1419 1009 1520 1068 vero
1534 1010 1631 1094 pro·

320 1103 417 1192 bate
434 1120 717 1214 procuratores
751 1096 820 1208 ipsr
846 1093 986 1180 multis
1011 1091 1234 1179 rationibus
1265 1091 1507 1182 nitebantur.
1561 1089 1635 1182 'At-

319 1217 547 1308 testationes
567 1239 736 1324 quoque
758 1207 931 1298 secundo
956 1207 1049 1295 loco
1072 1231 1249 1320 receptas
1270 1206 1411 1294 erdem
1435 1237 1525 1324 pars
1540 1239 1635 1322 pro·

71 1432 76 1440 ,
183 1333 199 1350 ‘
317 1332 453 1452 posuit
474 1325 726 1438 respuendas,
746 1351 841 1412 cum
862 1321 1025 1428 iudices,
1046 1324 1116 1519 pul
1133 1327 1251 1408 telles
1276 1347 1519 1437 receperant,
1528 1330 1637 1436 post·

320 1473 444 1561 quam
471 1439 595 1528 abeis
621 1461 763 1552 vtpote
787 1435 990 1523 manifeste
1010 1436 1053 1520 su
1068 1437 1219 1548 petiis,
1249 1437 1298 1520 acl
1323 1437 1470 1550 Papam
1500 1438 1633 1526 firerat

316 1556 593 1672 ¹adpellatum,
619 1551 801 1640 eiusdem
821 1553 927 1666 regis
955 1552 1103 1636 nuntio
1128 1572 1296 1662 propter
1318 1547 1401 1640 hoc
1424 1553 1635 1666 specialiter
1668 1651 1678 1671 α

244 1769 247 1774 ,
322 1673 373 1762 ad
394 1669 527 1758 sedem
547 1667 731 1782 Papalem
761 1656 983 1762 destinato',
1004 1664 1201 1751 duxerant
1228 1666 1269 1750 in
1294 1669 1464 1782 negotio
1495 1683 1664 1780 proco·

322 1785 517 1878 ciendum.
572 1787 629 1868 Ex
653 1781 793 1867 eadem
818 1782 977 1890 insuper
993 1779 1073 1865 fuit
1089 1803 1203 1892 parte
1225 1783 1505 1892 proposrtum,
1522 1779 1636 1893 quod

321 1903 459 2016 regina
482 1895 776 1984 restitutionem
809 1893 1035 2006 postulans,
1069 1921 1326 2006 nequaquam
1353 1897 1401 1980 stt
1423 1893 1633 1994 audienda,
1674 1929 1681 1941 =

322 2045 419 2105 cum
440 2011 599 2126 spoliata
617 2011 664 2096 stt
686 2009 920 2094 austoritate
944 2005 1106 2106 iudicis,
1127 2010 1197 2120 qui
1214 2008 1487 2120 praesumatur
1503 2010 1656 2125 legiti-

321 2159 390 2224 me
434 2125 680 2240 processisse,
719 2151 794 2208 nec
828 2117 983 2234 absque
1018 2123 1138 2234 ipsius
1177 2123 1433 2210 Constantine
1469 2146 1628 2236 poterat

321 2239 563 2364 praeiudicio
588 2261 629 2324 et
658 2237 803 2324 iasluta
833 2236 996 2334 restitui,
1014 2265 1118 2349 quae
1142 2237 1183 2322 in
1208 2239 1370 2349 praefati
1393 2239 1500 2352 regis
1535 2265 1632 2350 pos·

323 2361 494 2452 sessione
514 2353 578 2440 vel
604 2353 710 2465 quasi
738 2353 914 2440 ecclesrae
943 2352 1039 2455 esset
1065 2351 1312 2438 aution'tate.
1381 2354 1503 2466 Regis
1530 2381 1634 2464 quo·
1700 2411 1723 2429 ,.

324 2503 406 2592 que
423 2491 707 2585 procuratores
726 2461 1026 2578 proponebant,
1053 2467 1250 2579 Reginam
1273 2493 1361 2553 non
1375 2465 1522 2578 debere
1537 2495 1635 2554 con-

321 2607 381 2681 tra
402 2585 635 2674 sententiam
654 2581 834 2694 Episcopi
856 2580 1064 2692 Pragensrs
1080 2581 1230 2681 audiri,
1252 2597 1380 2693 quam.
1396 2583 1494 2670 olim
1510 2581 1636 2670 durre-

320 2727 382 2792 rat
397 2694 719 2812 adprobandnm,
741 2695 913 2779 maxime
934 2693 1037 2780 dum
1051 2721 1099 2782 ex
1119 2719 1231 2809 parte
1247 2697 1501 2786 Constantiae
1515 2697 1632 2810 super

320 2808 671 2926 consanguinitatis
702 2808 804 2892 linea
828 2809 930 2892 inter
953 2809 1075 2917 ipsam
1100 2832 1141 2896 et
1167 2838 1307 2924 regem
1340 2813 1383 2897 in
1411 2811 1632 2899 continenti

237 2946 241 2954 ’
321 2925 583 3048 probationes
610 2920 813 3038 legitimae
834 2919 1089 3009 offerrentur.
1147 2926 1221 3010 llis
1246 2925 1368 3040 igitur
1385 2955 1459 3038 pro
1483 2950 1633 3012 etcon·
1706 2917 1710 2925 ’

321 3072 384 3135 tra
403 3037 605 3130 ventilatis
627 3035 890 3125 Innocentius
916 3037 1022 3150 Papa
1041 3039 1254 3150 utriusque
1276 3038 1457 3152 partibus
1480 3040 1635 3126 dilatio·

320 3187 417 3250 nem
442 3181 573 3264 vsque
592 3151 641 3238 ad
660 3149 806 3240 festum
837 3153 874 3238 S.
897 3153 1064 3240 Martini
1087 3151 1414 3254 concedebatur
1431 3155 1530 3243 haec
1544 3182 1635 3242 cau-

320 3277 358 3364 sa
380 3269 824 3384 diligenterexaminata
843 3261 969 3355 finem
986 3265 1170 3355 debitum
1195 3268 1379 3356 sortiatur
1403 3275 1467 3376 (t).
1534 3267 1635 3356 Inde

322 3387 421 3476 haec
448 3377 556 3469 causa
574 3373 624 3462 ab
648 3379 886 3466 Innocentio
899 3383 981 3486 ΙΙΙ.
1010 3383 1114 3496 Papa
1139 3385 1188 3469 A.
1217 3385 1389 3488 MCCX.
1418 3377 1635 3470 demanda·

321 3501 363 3590 ta
386 3501 441 3584 est
457 3492 611 3580 arbitris
626 3488 796 3579 Alberto
818 3495 867 3580 ΙΙ.
898 3491 1086 3608 Archiep.
1123 3494 1317 3614 Magdeb.
1339 3524 1381 3586 et
1405 3499 1634 3612 praepofito

273 3609 287 3631 '
322 3611 559 3724 Seburgensr
578 3605 658 3692 hoc
681 3605 869 3694 decreto:
928 3609 1198 3710 Mandemus,
1227 3633 1430 3725 quatenus
1451 3609 1634 3727 partibus

320 3730 372 3819 ad
394 3730 530 3817 locum
554 3721 751 3812 idoneum
768 3723 1021 3824 conuocatis,
1043 3725 1235 3838 recipiatis
1261 3733 1404 3832 telles,
1437 3757 1545 3843 quos
1566 3726 1634 3814 vel

1558 3869 1636 3936 no·

366 4005 409 4102 (t)
433 4003 525 4075 Haec
544 3991 669 4090 singula
690 3991 853 4074 habentur
875 3995 908 4070 iu
925 3997 1104 4071 Innocentii
1123 3997 1177 4070 lll.
1201 3991 1498 4098 Epistolis‹r1b.111.'
1520 4028 1571 4102 ep.
1591 4009 1635 4080 L.

431 4101 528 4176 Adde
549 4121 744 4168 taentctt
763 4106 844 4168 Anu.
871 4103 964 4168 Vrbis
984 4103 1143 4192 illistrenfis
1160 4098 1201 4170 ad
1223 4101 1440 4183 aMCCxl
1484 4130 1632 4186 altbert,
1654 4155 1659 4160 -

329 4303 333 4310 Ι
429 4195 943 4304 οοιυΑεῑνιιλεΜςῶιω.
965 4200 1229 4275 libamem.
1256 4207 1379 4283 ΜΠ.
1535 4220 1540 4229 ·
