3759 4784
530 274 670 366 *ciem
688 270 896 365 &emensum
904 288 1074 388 sudorum
1084 258 1244 392 lampa,
1354 292 1360 302 '
1499 312 1568 389 19t

120 566 126 574 .
242 466 298 558 ris
317 446 451 552 totius
477 461 594 576 regni
621 461 825 573 episcopis.
882 460 947 545 Ad
981 484 1189 548 extremos
1222 460 1368 549 deinde
1400 460 1568 578 angelos

243 601 358 671 erant
372 576 588 689 utriusque
614 575 737 684 partis
763 574 945 661 aduocati
962 600 1002 661 et
1032 598 1342 687 procuratores:
1372 602 1448 687 pro
1471 602 1570 689 rege

245 696 426 781 videlicet
441 692 687 800 Sampsonus
707 710 751 773 et
771 690 936 789 Bellus,
970 718 1150 803 quorum
1174 690 1239 778 hic
1258 692 1568 805 Wigarniensrs,

247 810 313 897 ille
331 808 582 895 Cicestrensrs
606 806 837 915 episcopus,
857 808 993 915 postea
1015 808 1149 905 euasit,
1175 804 1448 921 Tregonellus
1469 805 1571 893 item

248 948 290 1011 et
307 926 497 1018 Petreu5‚
521 944 669 1005 omnes
690 917 834 1029 legum
848 918 1065 1005 Dotlores.
1124 922 1206 1005 Pro
1227 922 1381 1034 Regina
1404 916 1570 1008 aderant

245 1037 431 1151 episcopi,
453 1029 942 1143 Roffensrs,Fischemset
967 1032 1216 1147 Allaphenfis
1243 1034 1478 1131 Scaudicius,
1492 1060 1570 1121 vna
1644 1076 1648 1091 ·

246 1180 341 1239 ctam
381 1147 548 1235 Ridlaeo
589 1144 784 1257 quodam.
861 1145 1073 1234 Omnrous
1109 1152 1162 1236 ita
1197 1144 1319 1238 rebus
1356 1147 1568 1249 ordinatis,

246 1266 358 1353 bulla
371 1264 524 1375 Papalis
539 1262 698 1346 recitata
724 1264 800 1357 est,
816 1260 859 1347 in
877 1291 957 1373 qua
976 1264 1114 1376 legatis
1138 1268 1201 1351 ius
1224 1260 1497 1378 cognoscendi
1509 1282 1569 1351 at·

248 1378 475 1468 tributum:
503 1373 665 1463 Deinde
687 1400 850 1485 praeco,
877 1379 1101 1463 monitusa
1123 1380 1264 1478 scriba,
1281 1402 1325 1465 vt
1345 1380 1568 1473 Henritum

243 1494 413 1609 Angliae
428 1520 568 1606 regem
585 1490 753 1586 citaret,
777 1494 953 1597 Hemice,
982 1494 1135 1604 inquit,
1166 1496 1364 1611 Augurum
1399 1523 1470 1579 rex
1501 1490 1567 1579 ad-

243 1611 310 1714 esto
337 1617 377 1692 in
397 1615 529 1703 Curia,
554 1602 823 1716 respondente
857 1604 951 1703 illo,
986 1604 1118 1712 arrisum.
1203 1610 1356 1721 Regina
1388 1608 1564 1695 srmiliter

100 1778 123 1796 ..
241 1745 397 1816 vocata,
423 1719 625 1803 Gatharina
648 1716 808 1834 Ageriae
829 1724 972 1836 Regina
996 1719 1112 1821 adesto
1132 1729 1172 1803 sn
1195 1730 1320 1826 curia,
1354 1749 1405 1807 ne
1435 1718 1563 1807 verbo

244 1834 413 1947 quidem
427 1830 561 1929 edit0;
579 1832 746 1918 surrexit
768 1858 792 1917 e
811 1830 926 1932 loco,
960 1857 1000 1918 et
1023 1862 1161 1949 regem
1186 1838 1292 1921 resia
1324 1858 1491 1948 petens,
1514 1832 1565 1923 ad

243 1973 379 2065 genua
399 1948 485 2031 eius
511 1946 744 2057 prouoluta,
765 1945 895 2056 ipsum
914 1952 1072 2049 orauit,
1089 1953 1203 2039 vtrsu
1218 1980 1313 2037 cum
1331 1950 1391 2037 illa
1407 1970 1564 2064 agatur,

182 2102 185 2105 ’
245 2086 290 2149 vt
312 2088 445 2172 neque
475 2060 524 2144 de
547 2062 732 2145 iniustitia
757 2065 892 2173 queri,
914 2090 990 2149 nec
1005 2067 1115 2178 regis
1142 2066 1393 2153 clementiam
1412 2062 1561 2151 defide-

245 2194 333 2264 rare
350 2199 542 2291 cogatur,
558 2176 596 2259 se
618 2174 831 2260 mulierem
856 2178 1111 2290 peregrinam
1136 2184 1226 2277 ere,
1245 2182 1421 2277 Henr'ieo
1442 2180 1560 2293 virgi·

241 2318 339 2380 nem
361 2290 546 2376 int'asiam
566 2290 748 2403 legitime
766 2292 1008 2401 copulatam,
1031 2294 1158 2403 ipsum
1177 2295 1331 2405 semper
1345 2289 1561 2401 obseruan-

14 2465 15 2473 κ
133 2423 141 2433 '
240 2430 303 2495 ter
320 2406 606 2501 coluiffe,'nec
622 2401 749 2488 vllum
768 2428 884 2490 antea
900 2406 1069 2491 incestus
1084 2406 1314 2521 scrupulum
1342 2407 1454 2491 soille
1471 2432 1561 2490 mo·
1697 2445 1700 2453 ·

122 2625 128 2633 ,
239 2544 353 2609 tum.
403 2522 475 2605 Ista
499 2545 601 2605 vero
625 2519 764 2604 multis
795 2516 929 2605 verbis
954 2522 1110 2637 Regina
1131 2548 1225 2609 cum
1256 2522 1420 2619 dixisset,
1445 2546 1560 2611 exur-

241 2664 357 2751 gens,
372 2636 478 2720 flex'u
501 2635 686 2744 corporis
712 2660 852 2748 regem
878 2663 1095 2746 proniore
1119 2660 1311 2724 venerata
1333 2640 1408 2737 est,
1450 2662 1565 2723 com-

242 2779 324 2864 que
341 2748 391 2834 ad
412 2750 621 2861 pristimrm
644 2747 784 2834 loc'um
804 2750 1023 2836 redituram
1043 2754 1267 2865 praesentes
1293 2750 1560 2863 expeiiarent,
1610 2812 1615 2820 -

242 2869 597 2976 erire'properate
627 2863 734 2948 curia
758 2886 800 2948 et
818 2862 918 2949 darm
947 2894 1094 2953 omnes
1118 2868 1284 2957 attoniti
1303 2868 1559 2961 mirarentur,

240 2980 337 3090 quid
366 3004 545 3088 pararet,
590 2974 839 3087 aliquantum
862 2980 941 3064 iam
969 2983 1245 3092 praecefferat,
1276 3009 1369 3066 cum
1398 3005 1560 3089 praeco·

240 3118 337 3176 nem
361 3120 427 3177 tex
453 3091 591 3188 iubet,
617 3088 837 3181 abeuntem
858 3093 999 3180 denuo
1017 3098 1223 3181 arcessere:
1255 3092 1477 3203 quodcum
1495 3088 1561 3175 ille
1674 3168 1678 3175 .

243 3200 391 3289 subl-aia
404 3234 503 3293 voce
517 3206 676 3302 faceret,
694 3206 872 3316 Reginae
896 3236 1050 3293 nomen
1066 3204 1316 3294 inclamando
1339 3230 1379 3292 et
1398 3203 1559 3307 nobilis,

240 3318 356 3403 cuius
381 3315 562 3427 humero
580 3319 642 3403 illa
668 3319 1083 3419 nitebatur,'vocatam
1110 3323 1146 3409 se
1170 3322 1422 3418 admoneret,
1440 3320 1558 3422 audio,

132 3515 167 3523 ,κ
191 3497 220 3537 s
238 3432 397 3542 inquit:
415 3431 514 3529 -illa,
543 3456 584 3515 tu
607 3433 838 3517 nibilominus
857 3459 1006 3555 pergas,
1019 3470 1087 3524 non
1106 3436 1236 3547 babeo,
1260 3468 1326 3523 tur
1337 3437 1498 3553 sperem,
1519 3439 1560 3516 in

239 3546 309 3632 hac
331 3552 435 3629 curia
453 3574 581 3629 raecum
604 3546 693 3651 iuste
719 3546 840 3632 atium
857 3557 932 3634 iri:
951 3556 1107 3655 fhtsant
1139 3554 1223 3667 ipfi,
1248 3548 1342 3671 quod
1366 3546 1559 3649 videbitur,

158 3714 165 3725 ·
237 3688 301 3775 agro
317 3690 401 3746 vero
417 3688 484 3741 non
499 3656 649 3743 ananebo.
704 3662 764 3744 Ita
780 3658 947 3757 discessit
975 3664 1050 3762 illa,
1067 3692 1199 3775 neque
1220 3690 1403 3775 ,unquam
1420 3662 1556 3773 postea

241 3772 384 3860 adduci
407 3773 554 3884 pontit,
578 3789 625 3857 vt
647 3774 689 3858 in
710 3802 755 3859 ea
776 3776 912 3873 Curia,
929 3778 992 3861 vel
1010 3778 1105 3887 ipsa,
1121 3777 1185 3864 vel
1206 3778 1306 3863 alius
1338 3776 1555 3888 quisquam

239 3890 312 3975 suo
343 3888 511 3976 nomine
533 3909 812 3999 compareret3
840 3918 922 3987 rer,
947 3894 1160 4003 postquam
1184 3889 1313 3979 abiirle
1335 3889 1464 3984 videt,
1488 3880 1556 3969 ab·
1615 3894 1624 3914 ‘

235 4002 391 4091 sentem
416 4001 469 4089 ad
484 4001 649 4091 coelum
665 3998 855 4089 laudibus
871 4002 1042 4103 sttstulit,
1068 4004 1118 4091 de
1136 4006 1350 4115 cupiditate
1365 4004 1430 4089 sua
1451 4002 1553 4083 ineo
1583 4069 1589 4078 .

237 4115 720 4239 repugna-permanendi
736 4117 878 4232 ,multa
898 4116 1121 4237 proserius,
1145 4118 1276 4231 modo
1300 4120 1380 4207 stne
1402 4116 1553 4307 amplae

236 4241 342 4295 athis}
1433 4253 1467 4317 ld
1507 4247 1553 4302 U·
