3759 4784
636 272 640 282 '
699 269 865 384 idussriirni
889 272 1091 355 Germana
1131 283 1178 370 ‚J-
1415 323 1439 377 ’,
1475 306 1548 381 473

194 475 202 486 ·
229 446 324 535 istas
341 402 558 551 competat.
617 436 816 525 Existimat
838 439 973 552 itaque
993 400 1036 527 in
1058 422 1564 554 imperioiiomanoGet.‘
1605 512 1609 519 .

230 558 392 651 manico
411 556 608 667 priuatam
630 552 821 664 Principis
844 551 1113 666 adoptionem
1134 555 1370 671 dignitatem
1400 563 1545 651 Princi-

230 672 296 785 pis
323 697 409 757 non
433 667 631 763 conferre,
647 660 753 751 bene
775 688 914 753 autem
935 668 1148 779 publicam,
1163 699 1268 784 quae
1286 676 1465 763 Caesaris
1476 704 1547 763 au·
1647 749 1653 761 .

231 786 396 874 totitate
420 778 812 891 confirmationeque
824 781 939 884 faiia,
951 806 994 873 et
1006 780 1092 878 hoc
1104 785 1192 877 casu
1212 786 1333 878 etiam
1351 786 1549 903 adgnatos

225 896 549 989 cumconsensus
567 894 779 985 accerserit:
914 928 917 933 ¹

340 1227 513 1333 Verum,
533 1229 623 1317 licet
634 1085 834 1347 'piemqub
851 1231 890 1315 se
906 1230 1020 1323 teiie
1042 1224 1230 1328 habeant,
1246 1171 1384 1339 nenne
1407 1247 1545 1316 tamen

227 1344 271 1430 in
297 1342 491 1432 amnibus
523 1345 718 1435 adsentior
747 1344 938 1455 liulpisro.
1008 1337 1154 1432 Potius
1193 1344 1290 1430 circa
1320 1344 1455 1457 Reges
1480 1339 1546 1429 vei

227 1458 433 1571 Principes
473 1455 694 1547 absolutam
725 1463 963 1572 potestatem
992 1454 1230 1558 habentes„
1247 1454 1546 1574 distingendum

84 1623 86 1631 ·
227 1573 320 1671 erit,
349 1600 400 1658 an
418 1577 611 1685 Regnum
635 1572 811 1661 habeant
833 1574 875 1658 in
900 1573 1145 1687 patrimonio
1168 1569 1234 1657 vel
1248 1596 1347 1657 non.
1431 1570 1472 1659 Si
1482 1598 1547 1657 te·

259 1714 363 1770 num
380 1684 435 1769 ita
447 1684 620 1773 habeant
634 1686 682 1791 in·
699 1687 976 1797 patrimonio,
997 1710 1049 1772 vt.
1067 1684 1166 1773 nulli
1193 1682 1321 1771 adsint
1342 1685 1545 1797 Principes

292 1798 443 1909 guinis,
466 1798 532 1884 vel
544 1794 622 1899 aiii,
643 1794 795 1912 quibus
811 1802 877 1885 ius
901 1798 1136 1889 succedendi
1159 1799 1374 1909 competit,
1414 1798 1546 1888 nullae

228 1913 342 2023 leges
363 1939 555 1999 moresne
572 1912 699 2002 adsmt
717 1912 1056 2011 fundamentales,
1083 1910 1136 1998 ita
1157 1937 1204 2000 vt
1231 1916 1426 2027 Regnum
1448 1909 1544 1998 iibe-

122 2066 128 2087 1
192 2104 196 2113 ,
225 2052 295 2113 rae
323 2022 564 2135 dispofiuoni
583 2030 630 2116 stt
645 2030 843 2129 reliiium,
858 2028 970 2115 facile
983 2027 1192 2132 adsentior,
1205 2026 1327 2113 talem
1343 2028 1542 2138 imperan·
1673 2042 1683 2060 “

211 2162 311 2229 ‚tem
330 2137 527 2251 adoptiuo
550 2168 636 2229 non
659 2143 790 2230 solum
816 2135 1116 2247 succeffionem,
1140 2139 1205 2227 sed
1229 2142 1350 2231 etiam
1370 2142 1541 2275 Regiam

222 2254 462 2370 dignitatem
485 2282 532 2341 ex
549 2253 670 2345 libera
690 2254 955 2369 absolutaque.
973 2258 1170 2371 potestate
1192 2278 1236 2343 et
1253 2258 1342 2342 iure
1362 2251 1544 2341 Maiesta-

216 2370 321 2467 nco,
339 2367 455 2481 quod
475 2364 613 2470 habet,
636 2372 747 2484 poise
765 2372 990 2485 inpetriri,
1006 2390 1134 2482 prout
1148 2397 1196 2455 ex
1208 2367 1399 2480 exemplis
1426 2370 1541 2480 supe·
1630 2473 1634 2478 g

228 2483 314 2569 rius
333 2480 514 2569 adductis
532 2486 619 2571 satis
650 2488 829 2599 patescit
928 2484 1169 2573 Germaniae
1201 2509 1301 2571 veto
1340 2482 1543 2595 Principes

221 2597 469 2708 superiorem
499 2593 810 2713 adgnoscentes,
837 2624 914 2685 nec
928 2590 1180 2687 succeffionis
1198 2598 1297 2696 iura,
1320 2624 1394 2683 nec
1411 2596 1541 2711 digni-

223 2730 349 2797 tatem
372 2738 443 2821 per
459 2708 723 2823 adoptionem
747 2715 911 2825 possunt
928 2708 1177 2811 concedere,
1192 2706 1295 2797 dum
1314 2712 1384 2799 soli
1407 2713 1451 2800 in
1464 2713 1539 2807 im·

219 2826 342 2941 perio
357 2824 591 2949 imperatori
605 2826 898 2957 competatius
917 2823 1155 2959 conferendi
1178 2824 1390 2951 dignitates
1406 2823 1499 2935 (hi

788 3016 826 3121 ς.
872 3006 976 3095 ron.

341 3174 579 3240 erasurus
601 3144 666 3263 (i)
694 3150 884 3275 equidem
915 3148 1152 3258 sententiam
1173 3150 1286 3237 suam
1314 3148 1448 3265 adhuc
1467 3144 1538 3230 sta·

205 3257 336 3351 ·biiire
351 3283 472 3372 atque
495 3270 744 3381 argumentis
762 3265 1061 3373 contrariorum
1080 3265 1327 3378 respondete
1354 3282 1538 3350 conatur.
1624 3344 1629 3351 ,

208 3365 288 3459 ad
317 3374 428 3475 iilud,
453 3378 571 3489 quod¹
587 3380 781 3468 nobilitas
798 3406 844 3463 ex
869 3372 1060 3493 sanguine
1081 3402 1205 3493 atque
1222 3376 1419 3467 natalibus
1434 3374 1542 3495 aessi-

205 3510 390 3603 Jmetur‚
414 3492 648 3605 respondet,
672 3488 924 3583 nobilitatem
955 3494 1221 3583 etiamtariis
1263 3497 1361 3583 iuris
1398 3488 1542 3585 titulis,

1237 3614 1244 3623 .
1299 3652 1304 3664 q
1477 3622 1539 3688 vt·

273 3776 357 3872 (h)
388 3779 740 3889 Qateiudegimnrr·
752 3782 1167 3883 ordnungee'Wotmbsa.
1185 3802 1290 3879 1495.
1299 3782 1384 3855 inter
1391 3724 1452 3853 ilia
1460 3782 1543 3875 imp·

312 3920 314 3927 s
333 3874 553 3954 restruantur:
583 3890 643 3953 Die
657 3887 714 3957 der
731 3884 849 3959 werde
872 3890 962 3977 unser
979 3884 1103 3977 Kom‘gl.
1125 3886 1251 3975 Mami.
1284 3881 1474 3976 asingen)
1493 3881 1543 3951 als

206 4026 212 4040 ·
237 4027 242 4036 ·
280 4031 286 4039 ·
316 3982 468 4074 mrpm,
496 3982 763 4075 Grasemiireyen,
786 3994 907 4055 Herren
921 3982 999 4055 oder
1019 3980 1153 4053 Edelzu
1170 3984 1317 4056 unchen.
1342 3982 1417 4067 edet
1441 3978 1541 4050 ander

332 4078 453 4152 virae
465 4078 688 4153 oderrbma
697 4084 804 4179 geben.
826 4084 924 4155 Adde
948 4092 1034 4172 synt.
1052 4089 1120 4154 Iter.
1140 4086 1233 4161 Puta
1248 4107 1275 4155 t.
1282 4087 1344 4159 11.
1364 4086 1436 4169 M.

266 4208 340 4308 (a).
359 4212 401 4287 aa
422 4212 641 4293 mutuom
656 4212 763 4291 mr.
787 4218 918 4290 naar.
937 4213 1063 4307 orsam.
1083 4218 1145 4292 rr.

221 4308 237 4327 „l
