3759 4784
348 284 425 369 aa
739 256 1283 396 car-masalmam.
1414 306 1418 313 ·

348 439 461 529 missa
476 431 657 550 legitima
675 430 742 523 sua
764 432 953 545 coniuge,
960 434 1135 521 Mlsniae
1147 428 1428 523 Mirtltionissa
1443 436 1558 531 aliam
1569 442 1665 536 But.

267 626 272 633 .
347 556 478 691 garine
501 555 558 653 R.
572 546 695 639 filiam
719 546 1078 661 superinduxisset,
1121 549 1178 635 ad
1202 552 1518 645 sacrumeittuit
1538 562 1666 673 impes

346 668 440 759 riale
466 666 777 763 Confislorium,
801 684 1085 751 contumacem
1102 663 1421 765 condemnauit,
1444 672 1665 787 proscripsit
1848 746 1849 775 ,

347 806 391 873 et
409 806 541 895 regno
563 780 749 890 priuauit.
804 777 1023 865 fridericus
1048 782 1079 869 Ι.
1106 779 1203 892 imp.
1232 780 1281 865 a
1297 780 1527 873 MCLXIII.
1556 790 1668 877 Hen-
1848 778 1849 871 ζ

344 898 413 987 rici
444 897 626 992 Leonis,
649 894 858 979 Bruttiae
881 915 923 979 et
950 894 1142 981 Saxoniae
1165 894 1294 981 Ducis
1317 890 1542 987 diuortium
1567 930 1664 997 cmn
1848 904 1849 985 l

346 1011 588 1109 Clementia,
600 1006 780 1096 Contadi
789 1006 927 1095 ZaerIn
959 1008 1017 1092 ’ae
1032 1011 1086 1094 D.
1112 1004 1465 1121 filia,adprobattit.
1523 1014 1661 1105 Ludo·

342 1130 459 1217 uicus
475 1130 656 1213 Bauarus
673 1125 770 1236 imp.
792 1150 880 1211 non
898 1036 1028 1209 soibm
1049 1124 1091 1209 in
1105 1120 1298 1237 gradibus
1319 1122 1531 1235 prohibitis
1554 1130 1660 1221 inter

345 1242 608 1333 Ludouicum
622 1234 1028 1352 Brandenbuthcum
1051 1260 1092 1323 et
1109 1236 1667 1351 MargarethnmCatinthiae

343 1356 549 1447 Ducissam
579 1352 838 1464 dispensauit,
859 1350 924 1439 sed
949 1352 1069 1439 etiam
1094 1349 1259 1437 diuortii
1295 1354 1386 1439 tulit
1410 1354 1660 1463 sententiam,

346 1488 452 1585 quae
474 1465 737 1583 posbnodum
757 1492 781 1554 a
802 1468 907 1581 Papa
935 1490 976 1555 ec
992 1466 1191 1580 Episcopis
1208 1466 1287 1557 suit
1309 1466 1542 1583 adprobata

904 1688 949 1792 §.
999 1676 1090 1769 Vll.

156 1850 172 1867 ’
319 1900 324 1910 ’
455 1868 525 1953 Ast
539 1864 648 1951 finiti
665 1862 829 1978 reliquis
853 1858 1160 1976 inperantibus,
1178 1862 1228 1948 fic
1243 1846 1412 1976 quoque
1422 1859 1659 1956 Germaniae

343 1975 657 2095 imperatoribus
685 2006 780 2063 cum
805 1980 891 2064 iure
914 1976 1013 2063 circa
1034 1978 1133 2063 sacra
1155 1975 1375 2063 iurisdifflo
1394 1980 1437 2065 in
1453 1981 1573 2067 causis
1597 2008 1659 2069 et·

279 2152 286 2159 -
345 2092 554 2189 defiasticis
570 2096 633 2176 est,
650 2116 800 2205 erepta,
817 2115 859 2179 et
876 2090 939 2178 ad.
953 2088 1190 2203 pontificem
1206 2092 1375 2205 eiusque
1386 2092 1567 2181 satellites
1576 2096 1657 2208 epi-

344 2216 486 2325 scopos
509 2206 661 2294 tranfiit
684 2208 843 2321 ipseque
865 2208 1085 2319 imperator
1100 2208 1142 2293 in
1173 2207 1303 2293 oaufis·
1324 2208 1577 2313 ecclesiasticis
1611 2232 1652 2295 et

344 2322 707 2417 matrimonialibus
738 2318 978 2439 pontificem
998 2322 1179 2437 ,agnouit
1208 2318 1459 2433 superiorem
1480 2339 1526 2428 et
1555 2321 1657 2413 ludi-¹

344 2468 445 2533 oem·
1437 2502 1440 2509 ·

810 2623 816 2633 ’
903 2642 943 2747 s.
990 2635 1104 2725 VIII.

411 2816 721 2927 '‘Posteaquam
746 2840 848 2902 veto
866 2818 1074 2907 lutherus
1100 2818 1199 2907 sacra
1222 2818 1489 2935 expurgabit,
1518 2807 1655 2935 plures

341 2964 390 3027 ex
417 2934 576 3048 imperii
600 2931 765 3017 slathus
794 2930 1046 3045 euangelicos
1072 2934 1311 3023 accesserunt
1326 2936 1540 3052 religioni,
1569 2937 1656 3023 reli·

339 3056 411 3169 qui
427 3078 527 3139 vero
546 3040 802 3161 pontificibus
820 3045 1116 3147 manserunt,et
1138 3044 1271 3137 adhuc
1293 3074 1474 3151 manent,
1498 3050 1671 3141 audiui.-

339 3171 394 3258 lli
421 3180 471 3251 ex
501 3163 700 3275 principiis
724 3158 813 3249 suae
831 3162 1036 3277 religionis
1061 3186 1148 3249 non
1167 3164 1236 3249 nifi
1258 3162 1493 3277 pontificem
1511 3188 1552 3251 et
1575 3160 1656 3277 epi-

335 3284 482 3393 scopos
508 3279 550 3359 In
566 3273 820 3363 ecclestasticis
838 3273 992 3364 habent
1007 3278 1247 3394 superiores,
1264 3277 1442 3390 ideoque
1458 3280 1500 3367 in
1518 3278 1653 3365 matri·

337 3392 467 3484 monii
491 3386 848 3497 diuortiorumque
871 3393 994 3498 causis
1014 3390 1168 3505 absque
1183 3392 1265 3479 vllo
1297 3388 1424 3479 <lubio
1452 3390 1654 3506 pontilicis

341 3532 384 3608 et
409 3502 692 3619 episcoporum
721 3496 886 3590 subsunt
909 3506 1183 3595 iurisdiiiioni.
1238 3506 1298 3593 Illi
1324 3533 1422 3593 vero
1454 3506 1655 3621 pontificis

337 3624 700 3737 episcoporumque
722 3616 1003 3706 auiloritatem
1019 3648 1104 3707 non
1124 3622 1382 3734 agnoscentes
1397 3618 1549 3735 fibique
1563 3624 1653 3735 ipsts

255 3838 262 3847 ,
338 3732 657 3832 iurisdislionem
680 3730 969 3823 ecclefiaslicam
994 3735 1036 3819 in
1062 3734 1140 3821 suis
1165 3733 1408 3823 vindicantes
1428 3738 1654 3849 territoriis,

340 3881 417 3940 nec
432 3842 681 3963 pontificem,
702 3874 777 3933 nec
797 3848 1005 3961 episcopos
1020 3848 1062 3933 in
1093 3848 1255 3937 diuortii
1273 3853 1396 3939 causis
1418 3848 1571 3941 habent
1587 3838 1655 3939 iu·

186 4044 191 4060 .
341 3967 463 4063 dices,
479 3964 565 4046 imo
591 3986 666 4047 nec
693 3963 1177 4073 imperatorem,‚quippe
1196 3966 1275 4061 cui,
1299 3994 1347 4052 ex
1383 3964 1471 4072 suae
1493 3962 1653 4083 religio.

338 4083 401 4170 nis
430 4073 630 4193 principiis
648 4075 757 4179 nulla
775 4074 1260 4190 compeusimsdtuiom
1277 4070 1656 4186 matrimonialibus,

377 4259 385 4267 ·
1067 4224 1072 4239 ⁸
1154 4256 1160 4282 '¹
1221 4240 1263 4281 ''
1314 4284 1322 4295 ·
1402 4290 1406 4299 ,
1478 4291 1481 4301 ·
1530 4224 1655 4320 quem
