3759 4784
330 263 405 373 ‘250
508 363 512 371 ,
629 277 706 371 op.
723 274 788 354 nr.
805 278 885 347 see.
903 282 934 353 1.
956 282 1008 349 oe
1024 226 1173 348 irrorata
1193 268 1359 370 trustem
1524 346 1539 377 t

184 496 191 539 ,
923 504 934 528 .
994 442 1096 528 XIX.

398 540 401 549 ’
446 554 718 641 Protestantes
751 446 978 663 perueriam
997 554 1221 643 verborum
1245 550 1390 645 Christi
1414 553 1649 663 interpreta-

332 671 488 757 tionem
508 696 530 753 a
551 664 763 779 pontificiis
786 668 1001 766 confittam
1038 698 1123 757 non
1157 672 1359 781 probunt,
1398 664 1576 777 ideoque
1598 692 1646 751 ex

200 795 216 835 Χ
331 806 470 873 mente
491 779 639 869 Christi
660 804 702 865 et
724 782 835 867 Pauli
850 782 1024 869 diuortia
1040 782 1095 870 ob
1111 782 1369 881 adulterium,
1391 808 1519 895 eaque
1543 806 1647 891 quae

332 896 515 986 adulterii
529 892 682 981 habent
705 897 919 997 rationem,
947 896 1083 1009 quoad
1101 900 1228 1008 ipsum
1247 898 1488 1009 permittunt
1510 894 1646 981 vincu-

245 1034 250 1047 ’
328 1012 429 1101 lum.
484 1012 612 1097 lullae
625 1011 673 1095 iis
695 1008 969 1098 diuortiorum
989 1012 1138 1099 caulsae
1153 1014 1264 1111 sunt,
1291 1020 1390 1125 quas
1412 1010 1534 1097 sacrae
1557 1035 1643 1117 per·
1780 1070 1790 1085 .
1852 1040 1853 1053 ¹

329 1130 501 1215 mittunt
522 1124 689 1223 litterae,
715 1152 869 1236 quosue
892 1128 973 1211 iam
1005 1127 1120 1237 supra
1143 1126 1401 1239 exposuimus
1421 1130 1488 1232 (5.
1519 1122 1644 1230 XII.).

329 1243 381 1327 Et
395 1242 485 1327 licet
502 1240 594 1323 alias
616 1242 702 1323 iura
722 1241 802 1325 Dei
822 1241 1005 1351 pontius,
1031 1242 1275 1349 imperantes
1299 1241 1457 1356 legibus
1477 1236 1644 1337 solutos,

255 1380 260 1388 ·
330 1358 374 1443 in
397 1353 768 1440 conscientiarium
785 1354 983 1467 obligent,
1010 1355 1191 1465 nullique
1214 1358 1386 1441 omnino
1401 1352 1560 1439 homini
1580 1352 1642 1439 ius

333 1472 381 1552 srt
411 1462 638 1552 eorundem
663 1464 957 1554 obseruantiam
989 1468 1176 1557 remediis
1209 1466 1478 1580 extorquendi
1501 1466 1661 1551 corui:

261 1629 271 1701 ,⁴
334 1582 489 1693 uis(x),
514 1603 708 1667 ettamen
730 1610 778 1667 ex
808 1584 925 1694 patlo
948 1580 1035 1669 fieri
1059 1586 1222 1695 poll'unt
1250 1582 1425 1695 perfetle
1447 1578 1645 1693 obligato·

330 1700 416 1795 ria,
446 1693 624 1806 ideoque
648 1697 892 1807 imperantes
919 1698 962 1782 in
1000 1698 1360 1787 matrimoniorum
1387 1688 1554 1793 caulis,
1588 1689 1644 1785 ob

329 1814 585 1927 primaeuum
608 1837 705 1895 eum
730 1812 887 1921 populo
908 1813 1056 1897 initum
1080 1814 1257 1923 pallum,
1289 1810 1337 1895 ad
1353 1838 1493 1897 earum
1512 1806 1643 1901 obser·
1670 1825 1676 1843 '

329 1927 538 2011 arationem
552 1945 759 2020 tenentur,
788 1948 990 2033 quatenus
1003 1954 1050 2013 es
1067 1924 1308 2013 huiusmodi
1326 1926 1476 2037 nuptiis
1493 1921 1643 2026 llberos

329 2030 578 2127 succell'ronis
598 2036 639 2120 in
658 2062 782 2148 regna
801 2058 843 2122 et
864 2039 1090 2149 prouincias
1115 2068 1272 2151 capaces
1302 2040 1548 2155 progignere
1576 2062 1644 2121 cu·

360 2153 463 2239 lunt.
521 2150 625 2235 Hine
650 2155 957 2262 protestantium
981 2154 1092 2241 sacris
1119 2154 1262 2247 ardisti
1274 2158 1518 2265 imperantes
1548 2150 1644 2265 legi

329 2182 410 2355 ius
428 2264 728 2377 adstringuntur
744 2264 892 2355 diuinis
907 2267 951 2362 in
965 2262 1397 2359 diuoru'orumcaullrs
1416 2297 1468 2361 eo
1485 2266 1644 2361 effettu,

326 2405 387 2479 vt,
396 2376 654 2490 quoadlrunr
666 2404 864 2470 terrarum
879 2382 1039 2485 orbem,
1050 2387 1219 2495 impune
1234 2382 1398 2497 quidem
1413 2402 1559 2475 vxores
1569 2405 1644 2492 pro

327 2492 463 2581 lubitu
478 2493 694 2591 dimittant,
716 2518 758 2580 et
789 2494 839 2579 ad
871 2523 1005 2582 nouas
1038 2498 1348 2609 progrediantur
1379 2499 1562 2609 nuptias,
1589 2496 1644 2577 alt

328 2607 442 2697 liberi
462 2636 509 2693 ex
527 2630 642 2693 nouo
659 2610 922 2697 matrimonio
942 2613 1144 2725 prognati,
1173 2638 1249 2728 pro
1271 2612 1486 2728 illegitimis
1506 2634 1547 2694 et
1561 2609 1660 2725 luc·¹

328 2716 513 2811 ceffionis
529 2724 572 2809 in
595 2750 732 2833 regna,
761 2720 936 2809 ditiones
955 2724 1252 2839 dignitatesque
1278 2752 1460 2839 paternas
1492 2718 1642 2821 habeu-

329 2858 400 2925 tur
409 2837 666 2947 incapaces,sr
691 2836 844 2946 priores
870 2840 1034 2949 nuptiae
1060 2866 1108 2933 ex
1138 2843 1248 2933 causa
1269 2844 1312 2931 in
1339 2842 1445 2931 sacro
1472 2832 1643 2951 probata¹

327 2950 464 3043 codice
479 2948 685 3041 dissolutae
701 2951 899 3045 nonsunt.

901 3140 940 3245 ᾗ.
995 3138 1078 3225 ΧΧ.
1206 3155 1209 3163 “

221 3354 226 3361 ,
329 3322 333 3328 -
445 3262 655 3349 Diuersaa
683 3260 803 3349 nobis
829 3266 1005 3376 exposrta
1032 3268 1120 3353 iura
1148 3264 1175 3354 fi
1206 3264 1369 3355 tandem
1403 3264 1452 3352 ad
1477 3256 1644 3352 illustres

329 3377 594 3488 applicamus,
620 3372 816 3497 Catholici
831 3379 1088 3488 imperantes,
1116 3376 1271 3469 iuribus
1298 3378 1459 3469 subietli
1479 3372 1644 3495 pontifi-

200 3555 203 3561 ·
315 3494 413 3591 tiis,
442 3488 668 3575 diuortlum
701 3486 866 3575 faciendi
896 3492 1093 3579 licentiam
1121 3495 1229 3581 facile
1261 3492 1530 3601 obtinebunt,
1572 3488 1643 3603 qul

285 3645 289 3656 ·
327 3602 563 3717 pontificem
584 3598 740 3690 habent
754 3601 974 3708 fauentem,
1003 3608 1207 3723 quibusue
1232 3638 1318 3695 non
1349 3610 1457 3697 deest
1485 3605 1672 3694 nullita.

328 3720 645 3829 depromemus,
675 3742 799 3827 prout
813 3716 1028 3825 innumera¹
1052 3722 1199 3810 docent
1229 3725 1409 3837 exempla
1436 3721 1643 3831 martimo

329 3834 494 3918 niorum
512 3862 559 3919 ex
583 3826 787 3927 leuillimis
804 3835 864 3919 sae
893 3864 916 3921 e
940 3830 1082 3923 caullis
1099 3836 1399 3927 dirsolutorum.
1429 3836 1644 3925 *Minime

328 3968 467 4035 tamen
487 3947 593 4035 inter
614 3946 833 4037 catholicos
859 3865 1084 4039 iluortium
1098 3952 1240 4041 locum
1259 3950 1437 4053 habebit,
1460 3954 1488 4039 fi
1519 3948 1651 4043 caussa,

1528 4060 1644 4161 nulli·

310 4342 313 4349 Ι
380 4246 434 4344 (x)
453 4197 489 4327 ιν,
508 4242 576 4322 dili.
594 4250 754 4347 prooemii
771 4250 846 4336 loto
863 4218 1066 4372 praemissuri
1080 4252 1128 4331 T.
1143 4252 1169 4329 l.
1188 4253 1400 4353 inruptum
