3759 4784
315 274 367 344 90
642 257 743 350 Caput
766 253 814 328 ll.
862 246 1082 341 Diuormerxttt
1096 247 1138 322 ab
1158 249 1323 346 imputas

322 425 613 505 trananttcermt
627 419 835 504 litterarum
842 447 858 500 t
904 417 1031 532 praefi
1052 441 1150 500 entes
1164 413 1334 532 partibor
1349 423 1540 502 ceraticum
1552 413 1642 500 com·

322 557 525 650 petemem:
549 561 619 650 quo
636 554 706 647 per
726 555 984 648 procuratores
999 443 1137 614 abacos
1150 531 1198 636 sb
1222 530 1417 636 conspetffui
1430 530 1641 645 praesenta*

326 673 438 736 rent:
462 647 609 750 iuslum,
628 651 709 730 Dea
728 641 902 745 authore,
923 641 1095 728 iutlicium
1115 651 1310 762 accepturi.
1367 649 1418 727 Te
1433 650 1577 761 igitur,
1599 669 1643 724 aa

326 760 449 850 ealan
464 767 625 876 Rapina,
638 758 733 862 ficut
750 785 799 840 ex
812 755 907 839 abbis
923 759 1192 868 intelleximus,
1228 755 1467 874 personaliter
1490 763 1529 838 in
1553 756 1645 870 ipso-

237 957 244 968 .
328 907 411 964 rum
436 873 594 959 tadicum
615 872 826 986 praesentia
853 869 1074 973 coralitutis,
1110 871 1306 987 proponere
1332 868 1527 975 attraxisti,
1555 861 1650 984 quod
1692 975 1696 982 .

332 996 475 1106 Regina
492 989 577 1102 ipsa
598 981 669 1068 tibi
688 981 733 1068 tle
755 989 837 1065 iure
846 981 995 1090 sociari
1013 1007 1080 1066 rtan
1132 1007 1250 1067 oterat
1268 979 1422 1087 foedere
1453 979 1620 1066 maritali
1629 1006 1647 1086 t
1744 1021 1761 1034 ·

249 1154 253 1172 ·
331 1129 409 1190 tum
424 1097 629 1215 quia'dibbo
643 1101 767 1180 comiti
787 1100 1029 1178 Conuenarum
1049 1095 1099 1180 al
1145 1095 1508 1212 cfitpetstitificerat
1531 1101 1571 1178 in
1592 1119 1648 1191 ec,-
1779 1139 1789 1156 ·

332 1215 454 1321 tlefiae
465 1216 576 1317 sacia
591 1207 911 1293 matrimonialiter
930 1207 1127 1326 copulatas
1146 1233 1217 1326 per
1244 1207 1338 1327 quad
1356 1203 1548 1316 constabat,
1567 1233 1648 1290 cam

79 1394 86 1406 .
210 1399 214 1406 .
332 1320 677 1414 tecumcoutrabere
700 1321 912 1438 nequita'ffe:
938 1351 1017 1406 cum
1041 1319 1088 1406 ab
1109 1321 1227 1406 esbern
1248 1329 1373 1411 comite
1380 1323 1565 1438 separata
1577 1341 1649 1515 per

334 1439 507 1525 lalicium
524 1434 686 1540 ecclefiac
705 1463 773 1517 nort
783 1436 927 1544 fitt'ffct.
979 1439 1121 1553 Regina
1136 1463 1221 1522 vera
1244 1433 1374 1520 ibidem
1382 1439 1472 1540 ficit
1496 1431 1649 1542 absorte

335 1555 507 1661 comesta,
523 1549 617 1670 qumi
642 1577 793 1652 reuera,
807 1571 921 1664 patre
933 1549 996 1651 fita
1019 1557 1162 1633 uiuente
1184 1579 1227 1636 ac
1238 1573 1480 1666 procurante,
1506 1569 1649 1631 coatra-
1677 1606 1680 1614 ,

337 1691 449 1752 xerat
476 1693 556 1750 cum
573 1667 700 1746 comite
716 1687 928 1744 memorato:
936 1659 1012 1768 secl
1037 1659 1201 1768 adiecit,
1226 1659 1321 1780 quael
1350 1659 1549 1746 buiusmotli
1572 1687 1650 1742 ma-

336 1784 544 1865 trimonitmt
563 1773 606 1860 dc
622 1771 733 1879 fabio
754 1773 974 1860 contrabium
991 1777 1142 1881 fiecrit,
1175 1807 1244 1860 non
1263 1775 1305 1859 cle
1331 1783 1435 1866 iuret
1455 1803 1532 1862 cum
1554 1770 1648 1857 ilem

338 1889 526 1996 catmsstbi
547 1888 946 2004 effricortsangttinitate
958 1897 1133 2005 pariter,
1172 1913 1208 1972 et
1230 1889 1412 1987 affinitate
1433 1885 1649 1992 conamus,

337 2031 375 2090 et
395 2007 536 2118 t'ttstcper
563 1999 653 2086 luas
677 1996 825 2082 baberet
846 2029 1005 2084 uxores:
1025 2025 1209 2117 tempore,
1232 2029 1301 2121 quo
1320 2005 1557 2088 contraxerat
1572 2027 1651 2084 cunt

338 2117 481 2202 eadem:
502 2113 553 2198 acl
564 2141 655 2233 quae
670 2109 854 2229 probanda
857 2111 933 2218 fibi
946 2113 1032 2198 lari
1043 2122 1233 2200 terminum
1244 2115 1446 2234 postulauit.
1504 2119 1553 2200 H
1568 2114 1651 2196 licet

334 2233 457 2336 fucrit
470 2257 518 2313 ex
539 2254 605 2312 tua
615 2251 728 2345 parte
747 2228 962 2344 responfitm,
984 2226 1078 2348 quael
1092 2235 1187 2334 eius,
1196 2230 1315 2344 stupcr
1332 2228 1404 2345 bis,-
1429 2233 1652 2344 exceptiones

336 2351 455 2460 recipi
469 2374 536 2428 non
545 2338 737 2447 deberent,
760 2339 865 2425 donec
885 2344 967 2451 fft
978 2345 1154 2458 praefhto
1171 2349 1294 2428 cotnt'ti
1306 2350 1415 2448 ‚aum
1439 2371 1509 2461 quo
1518 2342 1557 2448 fi·
1572 2365 1653 2424 con·
1681 2397 1684 2404 ,
1707 2421 1709 2426 ,
1805 2364 1813 2387 ’

341 2461 493 2564 traxiffe
519 2455 831 2567 cotfiffltfuerat‚
855 2455 1047 2558 restituam
1072 2487 1134 2540 nec
1155 2482 1195 2542 tu
1219 2454 1486 2571 exceptionibus
1509 2448 1653 2537 tenebat·
1729 2457 1733 2464 ’

340 2579 398 2656 rit
418 2566 615 2652 buiusntoli
636 2563 862 2682 respondere,
884 2565 935 2649 acl
951 2562 1113 2651 ultimum
1149 2592 1269 2652 tamen
1297 2577 1355 2652 ita
1367 2573 1459 2674 fuit
1488 2567 1530 2652 tle
1561 2590 1653 2683 par·

343 2689 436 2791 tium
477 2681 660 2766 neumate
687 2679 894 2794 prouisum:
946 2703 988 2766 vt
1016 2681 1173 2786 scilicet,
1185 2682 1296 2791 saluo
1325 2680 1397 2767 tibi
1419 2687 1653 2796 exceptione:

342 2797 404 2895 seu
422 2792 656 2907 replicatione
671 2787 881 2906 praedita,
904 2799 1025 2876 utrius
1073 2822 1093 2872 e
1118 2801 1246 2910 partis
1268 2792 1501 2910 probationes
1514 2853 1528 2902 ‚
1537 2796 1655 2910 supet

231 3007 236 3016 ‚
337 2913 487 3028 praeisti
507 2936 540 2989 ts
561 2903 730 2989 articulis
745 2900 969 2988 audirentur.
1025 2819 1241 3010 bonnam
1271 2911 1516 3011 B.‘Aimerii‚
1551 2905 1673 3023 quem'

337 3045 612 3142 procuratorem
628 3023 668 3101 in
681 3023 822 3213 repotia
842 3017 1073 3121 constitueras
1090 3047 1300 3126 memorato,
1330 3019 1373 3106 sle
1397 3021 1556 3130 eotfinfit
1582 3043 1656 3120 tuo,

346 3143 426 3220 tria
435 3137 482 3242 se
503 3129 629 3218 obtulit
657 3155 725 3246 pra
746 3155 913 3215 aturum:
928 3132 1092 3236 scilicet:
1127 3142 1392 3221 matrimonium
1412 3139 1519 3252 prius
1539 3132 1655 3240 futfflt
1721 3210 1734 3228 ,

346 3245 563 3334 catarnaum
586 3252 684 3327 inter
699 3242 832 3330 libiam
864 3249 1042 3363 Reginam
1064 3271 1102 3331 et
1122 3253 1282 3334 comitem
1320 3255 1562 3334 Camenarum
1570 3277 1585 3326 .·
1617 3263 1655 3328 et

213 3366 217 3375 ’
346 3365 632 3460 matrimonium,
636 3356 678 3461 fi
689 3353 784 3488 ¹quael
787 3358 899 3460 ficit,
916 3365 1014 3442 inter
1027 3359 1169 3446 eundem
1184 3367 1344 3447 camitem
1350 3422 1364 3468 ,
1389 3387 1425 3446 et
1457 3368 1502 3446 G.
1524 3358 1657 3446 traam

280 3510 287 3525 ·
318 3568 322 3577 ,
345 3482 396 3562 A.
419 3473 462 3558 cle
484 3477 627 3569 Rama,
637 3469 751 3578 fiuffc
766 3467 899 3552 iudicio
915 3471 1087 3576 Ecclestae
1087 3475 1335 3592 separatum:
1367 3499 1558 3594 antequam
1580 3495 1659 3556 suut
1686 3567 1688 3570 ,

345 3593 488 3704 Regina
510 3583 741 3692 contraxiffer
758 3579 900 3667 eadem:
923 3608 961 3667 et
971 3585 1095 3690 filiam
1111 3593 1252 3671 comitis
1277 3593 1482 3705 Bigorrae,
1508 3609 1658 3674 onmem

269 3788 272 3792 .
346 3697 488 3788 comitis
513 3723 598 3782 aute
621 3696 712 3782 billi
733 3698 841 3806 ftaffe
860 3693 933 3782 tibi
952 3699 1258 3820 consbngus'ttitate
1278 3699 1519 3787 taniuntbam:
1550 3723 1588 3783 et
1601 3693 1658 3802 stc

348 3821 526 3900 terminus
542 3813 632 3914 ficit
646 3805 816 3926 partibus
834 3807 1053 3930 afflgnattts:
1075 3813 1192 3919 stubba
1214 3815 1433 3932 promifflstu
1456 3807 1658 3914 hincinde,

347 3925 444 4049 'qual
458 3928 554 4011 alias
581 3925 770 4012 dilatioms
784 3951 853 4008 nott
860 3947 1053 4041 peterent,
1084 3925 1135 4014 al
1158 3918 1422 4046 propinettltatt
1441 3923 1543 4012 aliud
1555 3989 1569 4032 ‚
1603 3921 1664 4010 uel

345 4038 578 4162 probandum,
632 4044 925 4159 &mquepartet
945 4045 1099 4130 ternum
1128 4039 1313 4150 cmslitutu
1333 4049 1374 4130 iu
1396 4037 1543 4130 duonum
1566 4033 1662 4150 iudif
