<?xml version="1.0" encoding="UTF-8"?>
<!DOCTYPE html PUBLIC "-//W3C//DTD XHTML 1.0 Transitional//EN"
    "http://www.w3.org/TR/xhtml1/DTD/xhtml1-transitional.dtd">
<html xmlns="http://www.w3.org/1999/xhtml" xml:lang="en" lang="en">
 <head>
  <title>
</title>
<meta http-equiv="Content-Type" content="text/html;charset=utf-8" />
  <meta name='ocr-system' content='tesseract 3.04.00' />
  <meta name='ocr-capabilities' content='ocr_page ocr_carea ocr_par ocr_line ocrx_word'/>
</head>
<body>
  <div class='ocr_page' id='page_1' title='image "./dbvrcardgotthel02hoffgoog_0432.png"; bbox 0 0 3759 4784; ppageno 0'>
   <div class='ocr_carea' id='block_1_1' title="bbox 295 280 1244 393">
    <p class='ocr_par' dir='ltr' id='par_1_1' title="bbox 295 280 1244 393">
     <span class='ocr_line' id='line_1_1' title="bbox 295 280 1244 393; baseline 0.025 -54"><span class='ocrx_word' id='word_1_1' title='bbox 295 308 389 392; x_wconf 65' lang='lat'>,396</span> <span class='ocrx_word' id='word_1_2' title='bbox 589 281 595 291; x_wconf 78' lang='grc'>’</span> <span class='ocrx_word' id='word_1_3' title='bbox 696 296 775 393; x_wconf 67' lang='lat' dir='ltr'>cap.</span> <span class='ocrx_word' id='word_1_4' title='bbox 790 294 850 373; x_wconf 73' lang='lat' dir='ltr'>W.</span> <span class='ocrx_word' id='word_1_5' title='bbox 874 296 925 366; x_wconf 78' lang='lat' dir='ltr'>Dr</span> <span class='ocrx_word' id='word_1_6' title='bbox 945 280 1050 365; x_wconf 67' lang='lat' dir='ltr'>ludier</span> <span class='ocrx_word' id='word_1_7' title='bbox 1068 286 1244 387; x_wconf 75' lang='lat' dir='ltr'>ett&#39;firruru,</span> 
     </span>
    </p>
   </div>
   <div class='ocr_carea' id='block_1_2' title="bbox 322 455 1739 1368">
    <p class='ocr_par' dir='ltr' id='par_1_2' title="bbox 322 455 1739 1368">
     <span class='ocr_line' id='line_1_2' title="bbox 322 455 1676 571; baseline -0.004 -20"><span class='ocrx_word' id='word_1_8' title='bbox 322 455 463 551; x_wconf 71' lang='lat' dir='ltr'>oeuffis</span> <span class='ocrx_word' id='word_1_9' title='bbox 491 458 836 548; x_wconf 72' lang='lat' dir='ltr'>eccleliasticorum</span> <span class='ocrx_word' id='word_1_10' title='bbox 863 456 1091 571; x_wconf 84' lang='lat' dir='ltr'>principum</span> <span class='ocrx_word' id='word_1_11' title='bbox 1119 456 1185 543; x_wconf 87' lang='lat' dir='ltr'>seu</span> <span class='ocrx_word' id='word_1_12' title='bbox 1216 458 1423 551; x_wconf 87' lang='lat' dir='ltr'>statuum,</span> <span class='ocrx_word' id='word_1_13' title='bbox 1456 479 1535 567; x_wconf 91' lang='lat' dir='ltr'>pro</span> <span class='ocrx_word' id='word_1_14' title='bbox 1563 456 1632 545; x_wconf 80' lang='lat' dir='ltr'>sua</span> <span class='ocrx_word' id='word_1_15' title='bbox 1672 552 1676 559; x_wconf 87' lang='lat'><em>.</em></span> 
     </span>
     <span class='ocr_line' id='line_1_3' title="bbox 322 566 1632 685; baseline -0.004 -23"><span class='ocrx_word' id='word_1_16' title='bbox 322 600 464 663; x_wconf 87' lang='lat' dir='ltr'>natura</span> <span class='ocrx_word' id='word_1_17' title='bbox 477 570 526 659; x_wconf 87' lang='lat' dir='ltr'>ad</span> <span class='ocrx_word' id='word_1_18' title='bbox 540 571 732 661; x_wconf 86' lang='lat' dir='ltr'>iudicium</span> <span class='ocrx_word' id='word_1_19' title='bbox 748 598 925 659; x_wconf 88' lang='lat' dir='ltr'>camerae</span> <span class='ocrx_word' id='word_1_20' title='bbox 939 566 1249 685; x_wconf 87' lang='lat' dir='ltr'>pertinentibus,</span> <span class='ocrx_word' id='word_1_21' title='bbox 1272 567 1440 681; x_wconf 83' lang='lat' dir='ltr'>intelligi</span> <span class='ocrx_word' id='word_1_22' title='bbox 1466 592 1632 681; x_wconf 82' lang='lat' dir='ltr'>oporte·</span> 
     </span>
     <span class='ocr_line' id='line_1_4' title="bbox 322 683 1633 799; baseline -0.002 -24"><span class='ocrx_word' id='word_1_23' title='bbox 322 716 381 794; x_wconf 82' lang='lat' dir='ltr'>re,</span> <span class='ocrx_word' id='word_1_24' title='bbox 396 688 572 799; x_wconf 86' lang='lat' dir='ltr'>ideoque</span> <span class='ocrx_word' id='word_1_25' title='bbox 593 688 677 775; x_wconf 89' lang='lat' dir='ltr'>huc</span> <span class='ocrx_word' id='word_1_26' title='bbox 695 688 862 773; x_wconf 89' lang='lat' dir='ltr'>minime</span> <span class='ocrx_word' id='word_1_27' title='bbox 899 688 1111 799; x_wconf 88' lang='lat' dir='ltr'>pertinere.</span> <span class='ocrx_word' id='word_1_28' title='bbox 1170 684 1312 787; x_wconf 68' lang='lat' dir='ltr'>Tertio</span> <span class='ocrx_word' id='word_1_29' title='bbox 1342 708 1388 766; x_wconf 86' lang='lat' dir='ltr'>ea</span> <span class='ocrx_word' id='word_1_30' title='bbox 1410 686 1466 769; x_wconf 91' lang='lat' dir='ltr'>est</span> <span class='ocrx_word' id='word_1_31' title='bbox 1501 683 1633 773; x_wconf 89' lang='lat' dir='ltr'>iudicii</span> 
     </span>
     <span class='ocr_line' id='line_1_5' title="bbox 323 796 1725 916; baseline -0.006 -24"><span class='ocrx_word' id='word_1_32' title='bbox 323 802 586 916; x_wconf 83' lang='lat' dir='ltr'>Austraegalis</span> <span class='ocrx_word' id='word_1_33' title='bbox 609 823 762 899; x_wconf 87' lang='lat' dir='ltr'>natura,</span> <span class='ocrx_word' id='word_1_34' title='bbox 777 823 822 885; x_wconf 89' lang='lat' dir='ltr'>vt</span> <span class='ocrx_word' id='word_1_35' title='bbox 836 827 932 887; x_wconf 88' lang='lat' dir='ltr'>reus</span> <span class='ocrx_word' id='word_1_36' title='bbox 954 799 1004 884; x_wconf 85' lang='lat' dir='ltr'>a&#39;d</span> <span class='ocrx_word' id='word_1_37' title='bbox 1024 798 1168 885; x_wconf 67' lang='lat' dir='ltr'>ailoris</span> <span class='ocrx_word' id='word_1_38' title='bbox 1182 796 1402 881; x_wconf 86' lang='lat' dir='ltr'>instantiam</span> <span class='ocrx_word' id='word_1_39' title='bbox 1426 820 1559 886; x_wconf 88' lang='lat' dir='ltr'>certos</span> <span class='ocrx_word' id='word_1_40' title='bbox 1573 800 1632 884; x_wconf 86' lang='lat' dir='ltr'>ln·</span> <span class='ocrx_word' id='word_1_41' title='bbox 1721 840 1725 847; x_wconf 95' lang='lat'>·</span> 
     </span>
     <span class='ocr_line' id='line_1_6' title="bbox 326 910 1632 1031; baseline -0.005 -29"><span class='ocrx_word' id='word_1_42' title='bbox 326 938 388 1003; x_wconf 89' lang='lat' dir='ltr'>tta</span> <span class='ocrx_word' id='word_1_43' title='bbox 408 938 572 1027; x_wconf 89' lang='lat' dir='ltr'>tempus</span> <span class='ocrx_word' id='word_1_44' title='bbox 594 917 823 1031; x_wconf 84' lang='lat' dir='ltr'>legitimum</span> <span class='ocrx_word' id='word_1_45' title='bbox 847 916 1032 1001; x_wconf 91' lang='lat' dir='ltr'>nominet</span> <span class='ocrx_word' id='word_1_46' title='bbox 1050 911 1223 1011; x_wconf 86' lang='lat' dir='ltr'>iudices,</span> <span class='ocrx_word' id='word_1_47' title='bbox 1246 938 1349 1021; x_wconf 87' lang='lat' dir='ltr'>.quo</span> <span class='ocrx_word' id='word_1_48' title='bbox 1372 910 1632 1024; x_wconf 82' lang='lat' dir='ltr'>praeterlapso</span> 
     </span>
     <span class='ocr_line' id='line_1_7' title="bbox 325 1023 1634 1141; baseline -0.006 -24"><span class='ocrx_word' id='word_1_49' title='bbox 325 1052 513 1141; x_wconf 88' lang='lat' dir='ltr'>tempore</span> <span class='ocrx_word' id='word_1_50' title='bbox 538 1052 684 1114; x_wconf 85' lang='lat' dir='ltr'>ernon</span> <span class='ocrx_word' id='word_1_51' title='bbox 708 1028 925 1113; x_wconf 84' lang='lat' dir='ltr'>nominatis</span> <span class='ocrx_word' id='word_1_52' title='bbox 951 1026 1163 1122; x_wconf 87' lang='lat' dir='ltr'>iudicibus,</span> <span class='ocrx_word' id='word_1_53' title='bbox 1178 1023 1386 1139; x_wconf 88' lang='lat' dir='ltr'>praeterita</span> <span class='ocrx_word' id='word_1_54' title='bbox 1401 1026 1634 1138; x_wconf 80' lang='lat' dir='ltr'>Austraega·</span> 
     </span>
     <span class='ocr_line' id='line_1_8' title="bbox 325 1135 1739 1252; baseline -0.004 -24"><span class='ocrx_word' id='word_1_55' title='bbox 325 1170 421 1229; x_wconf 85' lang='lat' dir='ltr'>tum</span> <span class='ocrx_word' id='word_1_56' title='bbox 443 1139 619 1226; x_wconf 76' lang='lat' dir='ltr'>instantia</span> <span class='ocrx_word' id='word_1_57' title='bbox 637 1139 686 1225; x_wconf 88' lang='lat' dir='ltr'>ad</span> <span class='ocrx_word' id='word_1_58' title='bbox 700 1140 882 1252; x_wconf 86' lang='lat' dir='ltr'>suprema</span> <span class='ocrx_word' id='word_1_59' title='bbox 895 1140 1051 1251; x_wconf 89' lang='lat' dir='ltr'>imperii</span> <span class='ocrx_word' id='word_1_60' title='bbox 1066 1138 1276 1224; x_wconf 82' lang='lat' dir='ltr'>tribunalia</span> <span class='ocrx_word' id='word_1_61' title='bbox 1290 1138 1415 1221; x_wconf 75' lang='lat' dir='ltr'>caussa</span> <span class='ocrx_word' id='word_1_62' title='bbox 1429 1135 1478 1223; x_wconf 89' lang='lat' dir='ltr'>ab</span> <span class='ocrx_word' id='word_1_63' title='bbox 1500 1138 1635 1223; x_wconf 70' lang='lat' dir='ltr'>ailore</span> <span class='ocrx_word' id='word_1_64' title='bbox 1736 1196 1739 1203; x_wconf 76' lang='lat'><em>,</em></span> 
     </span>
     <span class='ocr_line' id='line_1_9' title="bbox 326 1246 1636 1368; baseline -0.004 -26"><span class='ocrx_word' id='word_1_65' title='bbox 326 1262 384 1342; x_wconf 85' lang='lat' dir='ltr'>est</span> <span class='ocrx_word' id='word_1_66' title='bbox 402 1252 628 1339; x_wconf 86' lang='lat' dir='ltr'>deferenda.</span> <span class='ocrx_word' id='word_1_67' title='bbox 683 1256 817 1339; x_wconf 87' lang='lat' dir='ltr'>Ponas</span> <span class='ocrx_word' id='word_1_68' title='bbox 832 1256 970 1368; x_wconf 85' lang='lat' dir='ltr'>igitur,</span> <span class='ocrx_word' id='word_1_69' title='bbox 992 1253 1210 1367; x_wconf 81' lang='lat' dir='ltr'>coniugem</span> <span class='ocrx_word' id='word_1_70' title='bbox 1230 1277 1348 1337; x_wconf 91' lang='lat' dir='ltr'>teum</span> <span class='ocrx_word' id='word_1_71' title='bbox 1370 1246 1518 1337; x_wconf 88' lang='lat' dir='ltr'>iudices</span> <span class='ocrx_word' id='word_1_72' title='bbox 1533 1252 1636 1338; x_wconf 87' lang='lat' dir='ltr'>intra</span> 
     </span>
    </p>
   </div>
   <div class='ocr_carea' id='block_1_3' title="bbox 188 1366 1635 1481">
    <p class='ocr_par' dir='ltr' id='par_1_3' title="bbox 188 1366 1635 1481">
     <span class='ocr_line' id='line_1_10' title="bbox 188 1366 1635 1481; baseline -0.004 -25"><span class='ocrx_word' id='word_1_73' title='bbox 188 1396 196 1413; x_wconf 84' lang='grc'><em>’</em></span> <span class='ocrx_word' id='word_1_74' title='bbox 327 1392 492 1478; x_wconf 89' lang='lat' dir='ltr'>tempus</span> <span class='ocrx_word' id='word_1_75' title='bbox 509 1366 737 1481; x_wconf 82' lang='lat' dir='ltr'>legitimum</span> <span class='ocrx_word' id='word_1_76' title='bbox 759 1392 847 1451; x_wconf 92' lang='lat' dir='ltr'>non</span> <span class='ocrx_word' id='word_1_77' title='bbox 880 1366 1106 1464; x_wconf 84' lang='lat' dir='ltr'>nominare,</span> <span class='ocrx_word' id='word_1_78' title='bbox 1122 1386 1192 1451; x_wconf 88' lang='lat' dir='ltr'>aut</span> <span class='ocrx_word' id='word_1_79' title='bbox 1213 1366 1375 1475; x_wconf 85' lang='lat' dir='ltr'>penitus</span> <span class='ocrx_word' id='word_1_80' title='bbox 1397 1368 1635 1479; x_wconf 84' lang='lat' dir='ltr'>Austtaegas</span> 
     </span>
    </p>
   </div>
   <div class='ocr_carea' id='block_1_4' title="bbox 208 1475 1728 2847">
    <p class='ocr_par' dir='ltr' id='par_1_4' title="bbox 208 1475 1728 2847">
     <span class='ocr_line' id='line_1_11' title="bbox 327 1475 1636 1591; baseline -0.005 -23"><span class='ocrx_word' id='word_1_81' title='bbox 327 1480 551 1579; x_wconf 77' lang='lat' dir='ltr'>declinare,</span> <span class='ocrx_word' id='word_1_82' title='bbox 581 1506 764 1591; x_wconf 85' lang='lat' dir='ltr'>quonam</span> <span class='ocrx_word' id='word_1_83' title='bbox 789 1478 971 1567; x_wconf 88' lang='lat' dir='ltr'>remedio</span> <span class='ocrx_word' id='word_1_84' title='bbox 997 1476 1046 1565; x_wconf 87' lang='lat' dir='ltr'>acl</span> <span class='ocrx_word' id='word_1_85' title='bbox 1069 1475 1326 1565; x_wconf 88' lang='lat' dir='ltr'>subeundum</span> <span class='ocrx_word' id='word_1_86' title='bbox 1343 1476 1424 1579; x_wconf 79' lang='lat' dir='ltr'>hoe</span> <span class='ocrx_word' id='word_1_87' title='bbox 1445 1477 1636 1571; x_wconf 85' lang='lat' dir='ltr'>iudicium</span> 
     </span>
     <span class='ocr_line' id='line_1_12' title="bbox 327 1592 1728 1790; baseline -0.002 -110"><span class='ocrx_word' id='word_1_88' title='bbox 327 1622 426 1681; x_wconf 89' lang='lat' dir='ltr'>eum</span> <span class='ocrx_word' id='word_1_89' title='bbox 460 1592 552 1707; x_wconf 82' lang='lat' dir='ltr'>cogi</span> <span class='ocrx_word' id='word_1_90' title='bbox 567 1594 758 1790; x_wconf 44' lang='lat' dir='ltr'>soteris?</span> <span class='ocrx_word' id='word_1_91' title='bbox 810 1592 1009 1679; x_wconf 86' lang='lat' dir='ltr'>ordinaria</span> <span class='ocrx_word' id='word_1_92' title='bbox 1039 1594 1127 1678; x_wconf 85' lang='lat' dir='ltr'>sane</span> <span class='ocrx_word' id='word_1_93' title='bbox 1156 1592 1296 1679; x_wconf 93' lang='lat' dir='ltr'>locum</span> <span class='ocrx_word' id='word_1_94' title='bbox 1322 1592 1384 1676; x_wconf 86' lang='lat' dir='ltr'>vix</span> <span class='ocrx_word' id='word_1_95' title='bbox 1412 1593 1635 1690; x_wconf 86' lang='lat' dir='ltr'>inuenient‚</span> <span class='ocrx_word' id='word_1_96' title='bbox 1716 1692 1728 1703; x_wconf 39' lang='grc'>,</span> 
     </span>
     <span class='ocr_line' id='line_1_13' title="bbox 326 1700 1727 1819; baseline -0.001 -26"><span class='ocrx_word' id='word_1_97' title='bbox 326 1706 429 1793; x_wconf 87' lang='lat' dir='ltr'>dum</span> <span class='ocrx_word' id='word_1_98' title='bbox 451 1732 566 1791; x_wconf 89' lang='lat' dir='ltr'>neca</span> <span class='ocrx_word' id='word_1_99' title='bbox 620 1732 819 1794; x_wconf 88' lang='lat' dir='ltr'>cameram</span> <span class='ocrx_word' id='word_1_100' title='bbox 836 1734 913 1793; x_wconf 90' lang='lat' dir='ltr'>nec</span> <span class='ocrx_word' id='word_1_101' title='bbox 932 1706 982 1791; x_wconf 84' lang='lat' dir='ltr'>acl</span> <span class='ocrx_word' id='word_1_102' title='bbox 1002 1704 1193 1793; x_wconf 87' lang='lat' dir='ltr'>iudicium</span> <span class='ocrx_word' id='word_1_103' title='bbox 1220 1706 1392 1793; x_wconf 87' lang='lat' dir='ltr'>aulicum</span> <span class='ocrx_word' id='word_1_104' title='bbox 1422 1733 1488 1793; x_wconf 88' lang='lat' dir='ltr'>res</span> <span class='ocrx_word' id='word_1_105' title='bbox 1514 1700 1636 1819; x_wconf 81' lang='lat' dir='ltr'>polilt</span> <span class='ocrx_word' id='word_1_106' title='bbox 1721 1754 1727 1765; x_wconf 92' lang='lat'><strong>·</strong></span> 
     </span>
     <span class='ocr_line' id='line_1_14' title="bbox 326 1814 1637 1933; baseline -0.001 -27"><span class='ocrx_word' id='word_1_107' title='bbox 326 1820 492 1916; x_wconf 53' lang='lat' dir='ltr'>defertu</span> <span class='ocrx_word' id='word_1_108' title='bbox 512 1818 667 1931; x_wconf 88' lang='lat' dir='ltr'>quippe</span> <span class='ocrx_word' id='word_1_109' title='bbox 683 1842 866 1931; x_wconf 89' lang='lat' dir='ltr'>quorum</span> <span class='ocrx_word' id='word_1_110' title='bbox 883 1823 925 1905; x_wconf 91' lang='lat' dir='ltr'>in</span> <span class='ocrx_word' id='word_1_111' title='bbox 944 1822 1188 1907; x_wconf 84' lang='lat' dir='ltr'>matrimonii</span> <span class='ocrx_word' id='word_1_112' title='bbox 1212 1814 1351 1906; x_wconf 86' lang='lat' dir='ltr'>caullis</span> <span class='ocrx_word' id='word_1_113' title='bbox 1378 1820 1560 1933; x_wconf 87' lang='lat' dir='ltr'>suspensa</span> <span class='ocrx_word' id='word_1_114' title='bbox 1581 1824 1637 1905; x_wconf 87' lang='lat' dir='ltr'>est</span> 
     </span>
     <span class='ocr_line' id='line_1_15' title="bbox 324 1931 1638 2048; baseline -0.002 -26"><span class='ocrx_word' id='word_1_115' title='bbox 324 1931 545 2023; x_wconf 69' lang='lat' dir='ltr'>iurisdictio</span> <span class='ocrx_word' id='word_1_116' title='bbox 563 1940 578 2037; x_wconf 91' lang='lat'>(</span> <span class='ocrx_word' id='word_1_117' title='bbox 595 1934 839 2037; x_wconf 84' lang='lat' dir='ltr'><strong>§.XI.XII.).</strong></span> <span class='ocrx_word' id='word_1_118' title='bbox 895 1932 1091 2043; x_wconf 85' lang='lat' dir='ltr'>Vtrisque</span> <span class='ocrx_word' id='word_1_119' title='bbox 1115 1960 1215 2018; x_wconf 89' lang='lat' dir='ltr'>veto</span> <span class='ocrx_word' id='word_1_120' title='bbox 1243 1932 1486 2048; x_wconf 83' lang='lat' dir='ltr'>coniugibus</span> <span class='ocrx_word' id='word_1_121' title='bbox 1511 1934 1562 2019; x_wconf 90' lang='lat' dir='ltr'>de</span> <span class='ocrx_word' id='word_1_122' title='bbox 1577 1936 1638 2019; x_wconf 89' lang='lat' dir='ltr'>iu-</span> 
     </span>
     <span class='ocr_line' id='line_1_16' title="bbox 327 2042 1639 2163; baseline 0.002 -31"><span class='ocrx_word' id='word_1_123' title='bbox 327 2046 413 2132; x_wconf 83' lang='lat' dir='ltr'>dice</span> <span class='ocrx_word' id='word_1_124' title='bbox 436 2043 884 2154; x_wconf 86' lang='lat' dir='ltr'>comptomittentibus‚</span> <span class='ocrx_word' id='word_1_125' title='bbox 906 2042 953 2131; x_wconf 89' lang='lat' dir='ltr'>hi</span> <span class='ocrx_word' id='word_1_126' title='bbox 975 2044 1142 2156; x_wconf 84' lang='lat' dir='ltr'>quidem</span> <span class='ocrx_word' id='word_1_127' title='bbox 1157 2050 1323 2133; x_wconf 82' lang='lat' dir='ltr'>caulsam</span> <span class='ocrx_word' id='word_1_128' title='bbox 1341 2048 1580 2163; x_wconf 85' lang='lat' dir='ltr'>cognoscere</span> <span class='ocrx_word' id='word_1_129' title='bbox 1597 2066 1639 2135; x_wconf 90' lang='lat' dir='ltr'>et</span> 
     </span>
     <span class='ocr_line' id='line_1_17' title="bbox 327 2154 1636 2273; baseline -0.001 -28"><span class='ocrx_word' id='word_1_130' title='bbox 327 2154 510 2245; x_wconf 83' lang='lat' dir='ltr'>decidere</span> <span class='ocrx_word' id='word_1_131' title='bbox 525 2180 611 2242; x_wconf 91' lang='lat' dir='ltr'>non</span> <span class='ocrx_word' id='word_1_132' title='bbox 635 2156 920 2269; x_wconf 84' lang='lat' dir='ltr'>prohibentur,</span> <span class='ocrx_word' id='word_1_133' title='bbox 935 2158 990 2243; x_wconf 85' lang='lat' dir='ltr'>ast</span> <span class='ocrx_word' id='word_1_134' title='bbox 1011 2160 1075 2245; x_wconf 86' lang='lat' dir='ltr'>virt</span> <span class='ocrx_word' id='word_1_135' title='bbox 1100 2162 1168 2261; x_wconf 88' lang='lat' dir='ltr'>est,</span> <span class='ocrx_word' id='word_1_136' title='bbox 1183 2160 1297 2273; x_wconf 91' lang='lat' dir='ltr'>quod</span> <span class='ocrx_word' id='word_1_137' title='bbox 1319 2160 1560 2253; x_wconf 88' lang='lat' dir='ltr'>hulusmodi</span> <span class='ocrx_word' id='word_1_138' title='bbox 1576 2188 1636 2245; x_wconf 86' lang='lat' dir='ltr'>ar·</span> 
     </span>
     <span class='ocr_line' id='line_1_18' title="bbox 208 2268 1636 2385; baseline 0.002 -27"><span class='ocrx_word' id='word_1_139' title='bbox 208 2310 215 2319; x_wconf 92' lang='lat'>·</span> <span class='ocrx_word' id='word_1_140' title='bbox 326 2271 492 2358; x_wconf 89' lang='lat' dir='ltr'>bitrium</span> <span class='ocrx_word' id='word_1_141' title='bbox 505 2269 648 2360; x_wconf 81' lang='lat' dir='ltr'>forum</span> <span class='ocrx_word' id='word_1_142' title='bbox 666 2270 741 2358; x_wconf 89' lang='lat' dir='ltr'>dici</span> <span class='ocrx_word' id='word_1_143' title='bbox 764 2268 885 2385; x_wconf 78' lang='lat' dir='ltr'>poffit</span> <span class='ocrx_word' id='word_1_144' title='bbox 908 2272 1174 2385; x_wconf 78' lang='lat' dir='ltr'>Austraegale.</span> <span class='ocrx_word' id='word_1_145' title='bbox 1269 2275 1454 2363; x_wconf 82' lang='lat' dir='ltr'>Tandem</span> <span class='ocrx_word' id='word_1_146' title='bbox 1476 2278 1502 2359; x_wconf 81' lang='lat' dir='ltr'>fi</span> <span class='ocrx_word' id='word_1_147' title='bbox 1525 2278 1636 2361; x_wconf 89' lang='lat' dir='ltr'>lure·</span> 
     </span>
     <span class='ocr_line' id='line_1_19' title="bbox 327 2382 1639 2501; baseline 0.002 -31"><span class='ocrx_word' id='word_1_148' title='bbox 327 2384 605 2471; x_wconf 83' lang='lat' dir='ltr'>consultontm</span> <span class='ocrx_word' id='word_1_149' title='bbox 636 2389 849 2499; x_wconf 86' lang='lat' dir='ltr'>opiniones</span> <span class='ocrx_word' id='word_1_150' title='bbox 873 2382 946 2473; x_wconf 88' lang='lat' dir='ltr'>tibi</span> <span class='ocrx_word' id='word_1_151' title='bbox 971 2385 1254 2500; x_wconf 81' lang='lat' dir='ltr'>probationem</span> <span class='ocrx_word' id='word_1_152' title='bbox 1292 2390 1461 2491; x_wconf 74' lang='lat' dir='ltr'>faciunt,</span> <span class='ocrx_word' id='word_1_153' title='bbox 1487 2397 1639 2501; x_wconf 83' lang='lat' dir='ltr'>negant</span> 
     </span>
     <span class='ocr_line' id='line_1_20' title="bbox 221 2496 1638 2619; baseline 0.001 -33"><span class='ocrx_word' id='word_1_154' title='bbox 221 2500 230 2509; x_wconf 70' lang='grc'><strong>”</strong></span> <span class='ocrx_word' id='word_1_155' title='bbox 326 2502 638 2613; x_wconf 82' lang='lat' dir='ltr'>Austraegarum</span> <span class='ocrx_word' id='word_1_156' title='bbox 676 2501 716 2584; x_wconf 90' lang='lat' dir='ltr'>in</span> <span class='ocrx_word' id='word_1_157' title='bbox 747 2496 887 2609; x_wconf 80' lang='lat' dir='ltr'>cauffis</span> <span class='ocrx_word' id='word_1_158' title='bbox 923 2500 1284 2588; x_wconf 81' lang='lat' dir='ltr'>matrimonialibus</span> <span class='ocrx_word' id='word_1_159' title='bbox 1323 2503 1638 2619; x_wconf 83' lang='lat' dir='ltr'>competentiam</span> 
     </span>
     <span class='ocr_line' id='line_1_21' title="bbox 329 2617 1636 2732; baseline 0.002 -35"><span class='ocrx_word' id='word_1_160' title='bbox 329 2638 573 2701; x_wconf 81' lang='lat' dir='ltr'>tvnovtct</span> <span class='ocrx_word' id='word_1_161' title='bbox 599 2617 686 2717; x_wconf 89' lang='lat' dir='ltr'>(o),</span> <span class='ocrx_word' id='word_1_162' title='bbox 716 2642 895 2701; x_wconf 79' lang='lat' dir='ltr'>stater(</span> <span class='ocrx_word' id='word_1_163' title='bbox 918 2620 1002 2725; x_wconf 88' lang='lat' dir='ltr'>(p),</span> <span class='ocrx_word' id='word_1_164' title='bbox 1040 2642 1337 2705; x_wconf 77' lang='lat' dir='ltr'>scuvsrtttn</span> <span class='ocrx_word' id='word_1_165' title='bbox 1356 2626 1439 2732; x_wconf 86' lang='lat' dir='ltr'>(q),</span> <span class='ocrx_word' id='word_1_166' title='bbox 1474 2642 1636 2707; x_wconf 78' lang='lat' dir='ltr'>utttt</span> 
     </span>
     <span class='ocr_line' id='line_1_22' title="bbox 326 2720 1248 2847; baseline 0.011 -41"><span class='ocrx_word' id='word_1_167' title='bbox 326 2720 378 2847; x_wconf 73' lang='lat' dir='ltr'>ab</span> <span class='ocrx_word' id='word_1_168' title='bbox 406 2748 706 2839; x_wconf 68' lang='lat' dir='ltr'>succurratis</span> <span class='ocrx_word' id='word_1_169' title='bbox 733 2733 805 2833; x_wconf 87' lang='lat' dir='ltr'>(r),</span> <span class='ocrx_word' id='word_1_170' title='bbox 835 2756 984 2815; x_wconf 73' lang='lat' dir='ltr'>truci&lt;</span> <span class='ocrx_word' id='word_1_171' title='bbox 1005 2733 1063 2836; x_wconf 91' lang='lat' dir='ltr'>(s)</span> <span class='ocrx_word' id='word_1_172' title='bbox 1093 2728 1248 2842; x_wconf 86' lang='lat' dir='ltr'>aliique.</span> 
     </span>
    </p>
   </div>
   <div class='ocr_carea' id='block_1_5' title="bbox 891 2906 1081 3008">
    <p class='ocr_par' dir='ltr' id='par_1_5' title="bbox 891 2906 1081 3008">
     <span class='ocr_line' id='line_1_23' title="bbox 891 2906 1081 3008; baseline 0.011 -23"><span class='ocrx_word' id='word_1_173' title='bbox 891 2910 931 3008; x_wconf 77' lang='lat'>§-</span> <span class='ocrx_word' id='word_1_174' title='bbox 973 2906 1081 2987; x_wconf 83' lang='lat' dir='ltr'>xvr.</span> 
     </span>
    </p>
   </div>
   <div class='ocr_carea' id='block_1_6' title="bbox 325 3038 1637 3517">
    <p class='ocr_par' dir='ltr' id='par_1_6' title="bbox 325 3038 1637 3517">
     <span class='ocr_line' id='line_1_24' title="bbox 438 3038 1636 3157; baseline 0 -31"><span class='ocrx_word' id='word_1_175' title='bbox 438 3042 526 3129; x_wconf 89' lang='lat' dir='ltr'>Nec</span> <span class='ocrx_word' id='word_1_176' title='bbox 540 3062 696 3129; x_wconf 80' lang='lat' dir='ltr'>camera</span> <span class='ocrx_word' id='word_1_177' title='bbox 721 3042 911 3147; x_wconf 57' lang='grc' dir='ltr'>(ΜΗ,</span> <span class='ocrx_word' id='word_1_178' title='bbox 942 3066 1016 3127; x_wconf 88' lang='lat' dir='ltr'>nec</span> <span class='ocrx_word' id='word_1_179' title='bbox 1045 3038 1234 3133; x_wconf 69' lang='lat' dir='ltr'>iudicium</span> <span class='ocrx_word' id='word_1_180' title='bbox 1271 3044 1428 3157; x_wconf 85' lang='lat' dir='ltr'>imperii</span> <span class='ocrx_word' id='word_1_181' title='bbox 1464 3048 1636 3137; x_wconf 81' lang='lat' dir='ltr'>aulicum</span> 
     </span>
     <span class='ocr_line' id='line_1_25' title="bbox 326 3148 1634 3269; baseline 0.009 -31"><span class='ocrx_word' id='word_1_182' title='bbox 326 3157 521 3264; x_wconf 65' lang='lat' dir='ltr'>(cxli),</span> <span class='ocrx_word' id='word_1_183' title='bbox 540 3184 614 3241; x_wconf 90' lang='lat' dir='ltr'>nec</span> <span class='ocrx_word' id='word_1_184' title='bbox 635 3154 889 3264; x_wconf 87' lang='lat' dir='ltr'>imperatoria</span> <span class='ocrx_word' id='word_1_185' title='bbox 912 3148 1137 3241; x_wconf 85' lang='lat' dir='ltr'>commillio</span> <span class='ocrx_word' id='word_1_186' title='bbox 1170 3160 1402 3269; x_wconf 79' lang='lat' dir='ltr'>(§.Xlll.)‚</span> <span class='ocrx_word' id='word_1_187' title='bbox 1444 3190 1520 3249; x_wconf 90' lang='lat' dir='ltr'>nec</span> <span class='ocrx_word' id='word_1_188' title='bbox 1552 3168 1634 3249; x_wconf 70' lang='lat' dir='ltr'>Au·</span> 
     </span>
     <span class='ocr_line' id='line_1_26' title="bbox 326 3262 1634 3395; baseline 0.011 -44"><span class='ocrx_word' id='word_1_189' title='bbox 326 3272 500 3383; x_wconf 81' lang='lat' dir='ltr'>straegae</span> <span class='ocrx_word' id='word_1_190' title='bbox 519 3268 710 3381; x_wconf 55' lang='lat' dir='ltr'>(lm)</span> <span class='ocrx_word' id='word_1_191' title='bbox 736 3268 831 3355; x_wconf 86' lang='lat' dir='ltr'>sunt</span> <span class='ocrx_word' id='word_1_192' title='bbox 844 3268 994 3355; x_wconf 86' lang='lat' dir='ltr'>iudices</span> <span class='ocrx_word' id='word_1_193' title='bbox 1015 3270 1056 3355; x_wconf 93' lang='lat' dir='ltr'>in</span> <span class='ocrx_word' id='word_1_194' title='bbox 1079 3262 1219 3357; x_wconf 75' lang='lat' dir='ltr'>caussis</span> <span class='ocrx_word' id='word_1_195' title='bbox 1234 3272 1442 3360; x_wconf 87' lang='lat' dir='ltr'>illustrium</span> <span class='ocrx_word' id='word_1_196' title='bbox 1460 3304 1634 3395; x_wconf 85' lang='lat' dir='ltr'>euange-</span> 
     </span>
     <span class='ocr_line' id='line_1_27' title="bbox 325 3377 1637 3517; baseline 0.006 -48"><span class='ocrx_word' id='word_1_197' title='bbox 325 3380 499 3469; x_wconf 81' lang='lat' dir='ltr'>licorum</span> <span class='ocrx_word' id='word_1_198' title='bbox 519 3377 881 3517; x_wconf 62' lang='lat' dir='ltr'>mattitaonialibns</span> <span class='ocrx_word' id='word_1_199' title='bbox 896 3408 1190 3499; x_wconf 85' lang='lat' dir='ltr'>competentes.</span> <span class='ocrx_word' id='word_1_200' title='bbox 1241 3390 1311 3472; x_wconf 83' lang='lat' dir='ltr'>Ast</span> <span class='ocrx_word' id='word_1_201' title='bbox 1324 3414 1481 3501; x_wconf 87' lang='lat' dir='ltr'>praeter</span> <span class='ocrx_word' id='word_1_202' title='bbox 1494 3386 1637 3477; x_wconf 80' lang='lat' dir='ltr'>haecce</span> 
     </span>
    </p>
   </div>
   <div class='ocr_carea' id='block_1_7' title="bbox 1575 3533 1640 3593">
    <p class='ocr_par' dir='ltr' id='par_1_7' title="bbox 1575 3533 1640 3593">
     <span class='ocr_line' id='line_1_28' title="bbox 1575 3533 1640 3593; baseline 0 0"><span class='ocrx_word' id='word_1_203' title='bbox 1575 3533 1640 3593; x_wconf 74' lang='lat' dir='ltr'>lu·</span> 
     </span>
    </p>
   </div>
   <div class='ocr_carea' id='block_1_8' title="bbox 254 3690 1638 4289">
    <p class='ocr_par' dir='ltr' id='par_1_8' title="bbox 254 3690 1638 4289">
     <span class='ocr_line' id='line_1_29' title="bbox 378 3690 1441 3789; baseline 0.002 -25"><span class='ocrx_word' id='word_1_204' title='bbox 378 3700 437 3781; x_wconf 80' lang='grc' dir='ltr'>(ο)</span> <span class='ocrx_word' id='word_1_205' title='bbox 461 3690 674 3763; x_wconf 61' lang='lat' dir='ltr'>deiudicetur</span> <span class='ocrx_word' id='word_1_206' title='bbox 692 3692 801 3787; x_wconf 63' lang='grc' dir='ltr'>σαψ</span> <span class='ocrx_word' id='word_1_207' title='bbox 806 3696 986 3787; x_wconf 77' lang='lat' dir='ltr'>prinn&#39;ptm</span> <span class='ocrx_word' id='word_1_208' title='bbox 996 3697 1231 3789; x_wconf 67' lang='lat' dir='ltr'>protestantium</span> <span class='ocrx_word' id='word_1_209' title='bbox 1239 3720 1335 3769; x_wconf 74' lang='lat' dir='ltr'>marr.</span> <span class='ocrx_word' id='word_1_210' title='bbox 1352 3708 1441 3781; x_wconf 70' lang='lat' dir='ltr'>m.</span> 
     </span>
     <span class='ocr_line' id='line_1_30' title="bbox 318 3788 1445 3897; baseline 0.005 -38"><span class='ocrx_word' id='word_1_211' title='bbox 318 3842 322 3849; x_wconf 86' lang='grc'>-</span> <span class='ocrx_word' id='word_1_212' title='bbox 377 3794 440 3889; x_wconf 87' lang='lat' dir='ltr'>(p)</span> <span class='ocrx_word' id='word_1_213' title='bbox 464 3788 506 3861; x_wconf 81' lang='lat' dir='ltr'>de</span> <span class='ocrx_word' id='word_1_214' title='bbox 515 3794 595 3885; x_wconf 78' lang='lat' dir='ltr'>foro</span> <span class='ocrx_word' id='word_1_215' title='bbox 611 3794 712 3887; x_wconf 76' lang='lat' dir='ltr'>print.</span> <span class='ocrx_word' id='word_1_216' title='bbox 731 3812 762 3861; x_wconf 79' lang='lat' dir='ltr'>et</span> <span class='ocrx_word' id='word_1_217' title='bbox 779 3797 900 3886; x_wconf 69' lang='lat' dir='ltr'>ptiust.</span> <span class='ocrx_word' id='word_1_218' title='bbox 922 3801 1076 3867; x_wconf 63' lang='lat' dir='ltr'>romunt·</span> <span class='ocrx_word' id='word_1_219' title='bbox 1095 3796 1167 3866; x_wconf 63' lang='lat' dir='ltr'>cd.</span> <span class='ocrx_word' id='word_1_220' title='bbox 1186 3822 1218 3877; x_wconf 80' lang='grc' dir='ltr'>ι,</span> <span class='ocrx_word' id='word_1_221' title='bbox 1230 3825 1280 3890; x_wconf 70' lang='lat'>95.</span> <span class='ocrx_word' id='word_1_222' title='bbox 1288 3802 1366 3897; x_wconf 75' lang='lat' dir='ltr'><em>sqq.</em></span> <span class='ocrx_word' id='word_1_223' title='bbox 1434 3790 1445 3883; x_wconf 29' lang='lat'>&#39;¹</span> 
     </span>
     <span class='ocr_line' id='line_1_31' title="bbox 266 3887 901 3987; baseline 0.008 -30"><span class='ocrx_word' id='word_1_224' title='bbox 266 3906 272 3915; x_wconf 87' lang='lat'>&#39;</span> <span class='ocrx_word' id='word_1_225' title='bbox 375 3894 433 3987; x_wconf 84' lang='lat' dir='ltr'>(q)</span> <span class='ocrx_word' id='word_1_226' title='bbox 456 3888 778 3987; x_wconf 62' lang='lat' dir='ltr'>draussrugiscm.</span> <span class='ocrx_word' id='word_1_227' title='bbox 797 3887 831 3963; x_wconf 72' lang='lat' dir='ltr'>tl.</span> <span class='ocrx_word' id='word_1_228' title='bbox 844 3908 901 3973; x_wconf 67' lang='grc' dir='ltr'>η.</span> 
     </span>
     <span class='ocr_line' id='line_1_32' title="bbox 379 3988 1566 4085; baseline 0.008 -27"><span class='ocrx_word' id='word_1_229' title='bbox 379 3994 426 4081; x_wconf 81' lang='lat' dir='ltr'>(r)</span> <span class='ocrx_word' id='word_1_230' title='bbox 451 3988 492 4059; x_wconf 77' lang='lat' dir='ltr'>de</span> <span class='ocrx_word' id='word_1_231' title='bbox 501 3994 596 4083; x_wconf 69' lang='lat' dir='ltr'>princ</span> <span class='ocrx_word' id='word_1_232' title='bbox 622 4014 652 4060; x_wconf 83' lang='lat' dir='ltr'>et</span> <span class='ocrx_word' id='word_1_233' title='bbox 660 3991 798 4084; x_wconf 73' lang='lat' dir='ltr'>statibus</span> <span class='ocrx_word' id='word_1_234' title='bbox 808 3996 882 4085; x_wconf 81' lang='lat' dir='ltr'>imp.</span> <span class='ocrx_word' id='word_1_235' title='bbox 898 4020 922 4062; x_wconf 82' lang='lat' dir='ltr'>c.</span> <span class='ocrx_word' id='word_1_236' title='bbox 938 4015 977 4060; x_wconf 71' lang='grc' dir='ltr'>ιο</span> <span class='ocrx_word' id='word_1_237' title='bbox 999 4019 1038 4063; x_wconf 86' lang='lat' dir='ltr'>.n.</span> <span class='ocrx_word' id='word_1_238' title='bbox 1056 4018 1113 4083; x_wconf 65' lang='lat' dir='ltr'>tp..</span> <span class='ocrx_word' id='word_1_239' title='bbox 1325 4039 1338 4072; x_wconf 83' lang='grc'><strong><em>,</em></strong></span> <span class='ocrx_word' id='word_1_240' title='bbox 1562 4014 1566 4023; x_wconf 91' lang='grc'><strong><em>·</em></strong></span> 
     </span>
     <span class='ocr_line' id='line_1_33' title="bbox 254 4088 1638 4282; baseline 0.008 -122"><span class='ocrx_word' id='word_1_241' title='bbox 254 4158 258 4168; x_wconf 89' lang='grc'>,</span> <span class='ocrx_word' id='word_1_242' title='bbox 316 4134 330 4158; x_wconf 76' lang='grc'><strong>.</strong></span> <span class='ocrx_word' id='word_1_243' title='bbox 375 4096 426 4183; x_wconf 72' lang='lat' dir='ltr'>(s)</span> <span class='ocrx_word' id='word_1_244' title='bbox 448 4088 748 4282; x_wconf 55' lang='lat' dir='ltr'>desimurdcitnp.</span> <span class='ocrx_word' id='word_1_245' title='bbox 779 4096 906 4187; x_wconf 52' lang='lat' dir='ltr'>protei.</span> <span class='ocrx_word' id='word_1_246' title='bbox 929 4098 1008 4187; x_wconf 79' lang='lat' dir='ltr'>sero</span> <span class='ocrx_word' id='word_1_247' title='bbox 1032 4103 1065 4167; x_wconf 80' lang='lat' dir='ltr'>in</span> <span class='ocrx_word' id='word_1_248' title='bbox 1097 4090 1638 4191; x_wconf 61' lang='lat' dir='ltr'>uupsmaelrn.teff.11.num</span> 
     </span>
     <span class='ocr_line' id='line_1_34' title="bbox 435 4212 808 4289; baseline -0.003 -1"><span class='ocrx_word' id='word_1_249' title='bbox 435 4212 480 4279; x_wconf 78' lang='lat'>¹7·</span> <span class='ocrx_word' id='word_1_250' title='bbox 512 4216 582 4289; x_wconf 79' lang='lat' dir='ltr'>eqq.</span> <span class='ocrx_word' id='word_1_251' title='bbox 803 4240 808 4245; x_wconf 85' lang='lat'><em>·</em></span> 
     </span>
    </p>
   </div>
   <div class='ocr_carea' id='block_1_9' title="bbox 0 0 1890 4784">
    <p class='ocr_par' dir='ltr' id='par_1_9' title="bbox 0 0 1890 4784">
     <span class='ocr_line' id='line_1_35' title="bbox 0 0 1890 4784; baseline 0 0"><span class='ocrx_word' id='word_1_252' title='bbox 0 0 1890 4784; x_wconf 95' lang='lat' dir='ltr'> </span> 
     </span>
    </p>
   </div>
  </div>
 </body>
</html>
