3759 4784
488 261 492 268 “
572 273 800 342 Germanorum
823 271 982 366 Exemplis
1000 267 1163 370 iinstraett.
1392 228 1403 238 ·
1437 282 1560 374 ⁴·345

226 436 412 526 Francisci
425 427 603 533 Asberti,
630 436 758 522 Ducis
781 433 1212 552 Saxo-Lauenburgiei,
1233 462 1378 548 verum
1396 455 1484 528 orta
1499 443 1557 531 in-

231 577 294 641 ter
331 553 460 664 ipsos,
514 553 604 659 post
633 550 787 661 aliquot
820 578 1025 638 annorum
1042 553 1374 640 consuetudinem
1401 560 1557 646 ratione

190 755 195 760 .
234 667 452 780 passorum
467 659 768 762 dominiorum,
799 661 1095 778 bonorumque
1112 665 1459 779 paraphernalium
1477 671 1556 758 dis·

233 779 439 887 sidium),
466 776 631 862 tandem
656 779 769 864 malis
789 777 969 866 diuulsus
988 783 1275 892 querimoniis,
1304 787 1489 896 suprema
1505 787 1555 872 ei·
1680 781 1684 786 ’

234 897 317 984 tius
341 895 461 982 soluit
482 917 597 978 arnor
621 891 697 978 die.
778 895 921 1005 Itaque
938 923 1034 981 cunr
1056 893 1121 982 iile
1137 900 1179 982 in
1211 898 1346 985 Galliis
1363 899 1555 1013 frequens

232 1033 393 1124 ageret,
424 1028 563 1118 captus
586 1015 727 1092 amore
758 1003 939 1095 isabellae
966 1012 1331 1111 Montmoranciae,
1354 1015 1552 1102 francisco
1582 1091 1585 1099 ,

233 1119 476 1214 Εοηιὶῑε;ἀο
507 1119 737 1207 Bouteuille
765 1143 881 1208 natae
897 1125 1149 1235 maritoque,
1175 1129 1245 1237 qui
1285 1117 1439 1238 caspar.
1470 1131 1553 1215 Cu

233 1240 398 1324 lonnius
425 1234 651 1322 Castilionei
676 1240 772 1324 Dux
799 1235 953 1336 fuerat,
974 1236 1165 1340 ¹orbatae,
1186 1241 1300 1351 quod
1327 1270 1370 1328 ea
1397 1243 1477 1326 aliis
1501 1245 1521 1328 s
1538 1292 1552 1305 -

234 1353 310 1440 cris
323 1414 336 1460 ‚
360 1351 505 1460 aliique
533 1345 659 1437 thoro
689 1351 884 1462 implicito
908 1348 1062 1438 nubere
1085 1349 1306 1454 dubitaret,'
1325 1354 1374 1440 ad
1404 1355 1553 1442 ana·
1660 1407 1663 1415 ·

210 1473 216 1486 ‘
235 1495 285 1552 na
301 1467 400 1551 sacra
417 1463 599 1549 animum
624 1463 776 1563 adiecit,
805 1493 933 1576 eaque
954 1468 1136 1553 Lutetiae
1159 1469 1400 1555 Parisiorum
1418 1499 1554 1557 coram

214 1581 416 1684 ‚Antonio
448 1573 673 1663 Barbarino.
702 1577 930 1688 Caniinali,
973 1601 1014 1675 et
1048 1581 1328 1668 Commissuio
1357 1574 1492 1696 Papali'
1511 1585 1551 1672 d.

231 1695 369 1782 XXIX.
400 1688 575 1778 Osiobr.
600 1717 634 1775 a.
660 1690 1112 1778 MDCLX111.5sosenni
1145 1695 1224 1778 ritu
1257 1695 1456 1805 professus
1483 1703 1552 1798 esi,
1589 1718 1593 1724 '

130 1805 135 1812 ’
233 1805 504 1922 postridieque
537 1806 781 1891 sacramento
816 1805 1136 1910 confirmationis
1169 1807 1551 1904 initiatus‚Lud0ui·

234 1925 268 2010 ei
286 1949 438 2006 nornen
457 1917 580 2034 priori
610 1918 753 2018 iunxit,
783 1917 971 2031 deinceps
1008 1918 1047 2005 d.
1074 1922 1123 2005 ΙΙ.
1153 1923 1263 2007 Νου.
1294 1925 1551 2036 posteaquam

168 2136 175 2147 .
234 2065 263 2123 a·
280 2033 480 2147 praecisio
497 2030 717 2134 Caudinas,
742 2036 911 2120 nomine
934 2033 1140 2122 Pontifitis
1165 2037 1338 2122 Romani
1364 2065 1386 2120 a
1415 2041 1550 2150 priore

229 2149 441 2262 *coniugiu
464 2148 570 2258 quast
591 2147 846 2262 illegitimum
871 2148 909 2233 id
935 2151 1044 2246 esset,
1075 2177 1126 2234 eo
1158 2147 1271 2259 quod
1303 2152 1386 2236 luri
1414 2153 1548 2238 Cano·
1634 2244 1642 2254 ,

232 2268 323 2352 nico
347 2259 636 2359 aduersaretur,¹
658 2259 864 2348 absolutus
886 2265 992 2359 esset,
1013 2261 1239 2346 facultatem
1272 2293 1325 2348 ue
1343 2263 1447 2348 aliud
1466 2294 1549 2349 nra-

232 2381 472 2468 ttirnonium
491 2375 660 2462 ineundi
684 2373 928 2472 obtinuisset,
955 2374 1076 2471 illam,
1100 2404 1222 2487 quarn
1244 2293 1547 2488 iieperibandu·

204 2497 286 2582 -xit
316 2493 403 2610 (m)
430 2517 470 2580 et
496 2493 676 2606 priorem
695 2491 912 2604 coniugem
938 2488 1095 2602 repudii
1111 2511 1208 2576 nuta
1229 2489 1368 2590 affecit,
1385 2490 1546 2578 Caesare

1408 2633 1593 2692 omnia*

281 2805 330 2904 (l)
360 2802 529 2878 Ducissaa
558 2797 696 2875 Caesare
719 2793 976 2879 commissionem
999 2801 1239 2897 impetrauerat.
1296 2803 1378 2875 Dux
1404 2823 1483 2880 veto
1508 2805 1549 2878 ab

338 2907 449 2980 eadem
471 2904 607 3004 separari
624 2905 775 2999 cupiens,
803 2903 928 2974 catrsanr
945 2899 985 2972 ad
1009 2901 1151 3000 Augusti
1169 2904 1270 2973 Ducis
1287 2904 1372 2974 Saxi)
1389 2945 1400 2958 ·
1417 2911 1546 2979 Laneu-

338 3008 402 3078 bur
427 3006 508 3080 ensis
530 3003 755 3077 consistorium
774 3000 951 3086 deferebat,
975 3019 1088 3073 verum
1103 3000 1329 3095 insequebatur
1357 3005 1546 3078 mandatum

348 3035 553 3186 cassgatorium
570 3127 601 3174 et
616 3104 844 3177 inhibiturium
864 3107 896 3174 S.
915 3101 957 3171 C·
978 3124 1113 3196 propter
1138 3105 1302 3170 notoriam
1325 3103 1544 3198 incompeten-

344 3207 435 3284 tiam.
490 3206 567 3276 inde
589 3205 669 3277 Dux
686 3207 842 3281 iudicium
862 3199 1026 3274 formabat
1045 3224 1084 3271 ex
1100 3197 1285 3271 consiliariis
1308 3199 1370 3272 suis
1391 3225 1425 3274 et
1444 3204 1545 3276 vasal-

344 3305 382 3374 lis
396 3351 405 3379 ,
421 3307 497 3400 qui,
515 3303 709 3402 protestante
728 3308 800 3378 licet
818 3327 849 3378 et
865 3329 931 3378 non
956 3323 1163 3398 comparente
1184 3300 1323 3386 ducissa,
1346 3301 1477 3376 diuortii
1497 3303 1547 3378 fe·

344 3403 458 3475 rebant
474 3401 673 3478 sententiam.
827 3469 831 3477 .
1032 3410 1038 3415 ’

234 3539 240 3548 ·
283 3501 348 3602 (ns)
375 3507 423 3576 Sic
446 3507 542 3580 etiarn
568 3509 598 3577 in
623 3503 708 3578 disi-a
729 3503 901 3579 sententia:
937 3523 1126 3576 memoratus
1152 3504 1347 3597 Cbtt'siinnus
1372 3511 1448 3576 Dux
1473 3528 1547 3576 ante
1610 3557 1615 3564 x

342 3607 463 3699 aliquot
483 3631 579 3676 annos
602 3611 635 3676 in
650 3611 776 3676 ciuitate
804 3607 1032 3700 Hamburgenfi
1051 3610 1287 3673 matrimonium
1311 3630 1380 3672 cunt
1405 3611 1546 3699 quadam

227 3717 230 3727 '
347 3707 534 3776 calutne'ana
552 3709 669 3798 hatttss
686 3709 812 3799 insilia,
830 3708 964 3794 secundo
986 3704 1262 3795 confinguinitatit
1270 3706 1378 3797 gradu
1393 3708 1454 3795 fibi
1471 3730 1545 3774 con·
1668 3707 1678 3716 ’

342 3811 462 3892 iutilia,
481 3803 565 3872 nulle
581 3811 711 3898 praeuia
722 3809 814 3896 stepen
828 3797 1047 3895 impedimento
1057 3805 1185 3891 secundi
1193 3804 1315 3895 gratim
1333 3811 1546 3898 tnnfiirrgut'ni·

341 3909 429 3976 tatis*
442 3903 621 3976 bttittstnedt'
642 3907 804 3994 apostolice
819 3905 1048 3994 rsispenfitionc,
1064 3925 1117 3967 nec
1127 3908 1227 3992 petita
1245 3905 1324 3993 finit,
1339 3927 1394 3972 nec
1407 3905 1546 3972 baereti-

204 4056 218 4074 -.
341 4015 387 4076 cis
409 3999 660 4078 contrahentibus
679 4026 699 4068 a
714 4003 787 4089 fede
811 4001 982 4096 Apostolica
998 4001 1120 4069 concedi
1129 4001 1220 4090 salet,
1233 4002 1356 4072 nuliittr
1368 4025 1398 4072 tt
1411 4005 1544 4097 desisse

343 4103 526 4196 „connixiffe
543 4129 579 4174 ac
595 4102 715 4171 carnali
732 4102 838 4193 copula
858 4102 1072 4194 constttntnaffl
1091 4108 1275 4194 reperiatur·
1327 4137 1333 4144 ¹
1366 4117 1369 4123 '

280 4221 779 4320 Strttttiisutisanttot'ci'JV.
945 4197 1019 4282 Xx
