3759 4784
329 291 382 384 ἰθ
599 223 815 378 7ch1·
864 277 1086 362 Diuerticrum
1107 273 1149 351 ab
1175 273 1340 372 illustribus
1421 319 1424 326 ·

329 474 371 539 ut
387 451 580 538 Dominum
604 472 642 531 et
666 452 840 532 maritum
860 473 994 549 meum,
1014 433 1137 529 canen
1144 443 1187 550 β
1199 443 1286 550 filio
1308 471 1350 527 re
1374 447 1430 547 is,
1458 449 1522 563 qui
1549 473 1644 532 mom.

246 609 256 616 -
328 537 412 650 bas
433 561 508 670 cll,
531 563 738 678 uupfiffem,
768 567 889 677 magio
909 558 1095 676 bigarum
1108 589 1122 640 :
1149 564 1237 676 quia
1254 558 1323 672 ipfi
1337 469 1540 672 bspousam
1552 562 1643 662 fue.

329 707 421 764 ram.
477 682 584 764 Nunc
601 700 733 770 autem,
751 675 900 792 quiastc
920 695 1061 786 oportet
1071 671 1192 777 fieri,
1216 670 1318 776 islam
1327 672 1495 778 fideliter
1518 671 1645 792 diligo,

327 815 367 878 et
380 788 495 898 fidem
512 797 552 874 ei
564 789 783 907 coniugalem
805 795 987 908 intqqram
1013 784 1173 890 custodio.
1230 789 1303 869 His
1331 785 1495 890 auditio,
1514 786 1573 868 ille
1586 793 1644 869 iu-
1771 783 1779 790 ’

326 903 483 1026 dignane
499 904 664 1000 beurexit
673 964 687 1008 ,
702 927 741 985 et
754 897 859 985 abiit.
913 896 1017 1008 Quid
1030 897 1163 1014 plural
1192 900 1258 984 llla
1265 901 1323 1006 stc
1347 929 1388 984 re
1412 896 1560 1006 oniaco,
1584 900 1643 1002 st·

325 1019 464 1104 militer
492 1045 571 1101 enon
591 1045 670 1100 cum
691 1016 778 1099 aliis
795 1022 837 1098 in
858 1019 1115 1096 exterminium
1144 1013 1247 1116 mifit.
1325 1019 1359 1100 P
1443 1009 1530 1118 baec
1564 1037 1642 1098 cum

323 1133 497 1248 completa
510 1132 644 1239 fi‘lffi’l
659 1136 840 1248 iniquitas
864 1125 987 1230 illius,
1016 1149 1055 1210 et
1080 1123 1168 1229 iusto
1197 1123 1331 1212 iudicio
1354 1133 1457 1212 Deus
1477 1127 1643 1210 malitiae

227 1330 231 1336 .
322 1253 402 1330 ciue
413 1246 527 1351 finem
547 1251 727 1360 imponere
748 1241 922 1350 voluiffet,
930 1239 1050 1346 senex
1071 1240 1194 1346 rursus
1212 1241 1383 1350 corfiebu't
1404 1239 1641 1325 collateralem
1761 1275 1764 1278 ·

312 1361 444 1469 sumu,
461 1357 600 1442 diceres:
635 1363 732 1442 Num
750 1351 864 1440 adbuc
886 1353 1100 1469 sperandum
1116 1351 1186 1460 est,
1222 1349 1479 1474 quodsublatit
1493 1351 1644 1438 aemulit

315 1474 467 1581 strumus
473 1473 590 1587 stupet
612 1467 777 1554 tbronum
800 1473 910 1585 regni
918 1473 1005 1574 mei,
1025 1469 1118 1552 ruello
1137 1465 1317 1574 turbante,
1333 1467 1453 1566 libere
1471 1463 1642 1552 vebum?
1753 1519 1756 1524 -

324 1593 393 1674 (tm
405 1587 467 1672 ille
486 1583 685 1702 iespomlit:
708 1588 860 1668 &curus
875 1580 1016 1700 quidem
1030 1587 1155 1666 viuere
1167 1603 1288 1694 potes,
1301 1579 1375 1690 seb
1388 1579 1431 1666 ele
1459 1577 1644 1664 Monoebo.

321 1701 385 1787 illo
399 1729 438 1782 co
462 1724 552 1783 nato
566 1725 629 1786 ruo
636 1693 926 1806 solicitudinem,
948 1703 1117 1814 quammr
1138 1719 1319 1812 paruam,
1354 1691 1488 1786 bobeno
1524 1702 1589 1814 qui
1599 1695 1643 1796 β
1652 1699 1660 1712 ’

320 1729 653 1914 extimbusfuerit,
674 1809 718 1898 de
738 1834 879 1901 caerem
896 1809 979 1912 ficte
998 1816 1129 1897 timore
1158 1811 1323 1928 quiesces.
1373 1809 1437 1893 Ad
1462 1807 1638 1894 baccilia

320 1930 416 2036 ruffi
440 1933 591 2025 nuncio,
607 1951 687 2008 eum
704 1922 872 2021 occerfiri
893 1923 1006 2026 infit.
1062 1923 1125 2006 llle
1143 1920 1268 2006 audito
1296 1929 1443 2027 nautio,
1470 1929 1649 2039 expauit„

320 2047 498 2150 revenire
525 2037 672 2134 distulit.
725 2041 926 2154 Statimque
943 2043 1089 2120 mittens
1109 2059 1276 2122 conuocat
1291 2042 1423 2119 amicos
1456 2061 1493 2120 et
1524 2060 1635 2140 notos,
1706 2059 1719 2148 j

320 2177 360 2236 et
372 2158 427 2235 cis
449 2151 482 2234 le
506 2157 661 2236 ationem
683 2155 785 2266 regis
805 2149 994 2265 expofieit:
1012 2155 1124 2266 Seque
1150 2145 1400 2255 imminuam,
1416 2147 1468 2234 ab
1486 2174 1636 2234 cautem

320 2179 591 2373 uocariffiens,
613 2267 762 2384 quauit
789 2293 876 2368 eor,
906 2287 949 2348 vt
978 2263 1136 2348 latenter
1149 2265 1288 2368 santis
1315 2271 1431 2347 ermis
1450 2265 1564 2365 secum
1586 2257 1637 2346 ub

313 2381 496 2498 palatium
509 2401 718 2498 pergerent.
770 2381 854 2485 Qui
867 2376 1066 2479 constanter
1084 2377 1238 2462 accinebi
1263 2383 1400 2482 omnis,
1424 2373 1526 2460 ibunt
1555 2403 1634 2460 cum

317 2525 370 2578 ro.
428 2499 580 2578 Veniens
598 2515 717 2578 autem
739 2489 792 2575 ab
805 2497 964 2605 primam
988 2489 1196 2595 custodium,
1208 2490 1335 2592 statim
1357 2493 1470 2607 iqfiem
1498 2497 1634 2574 ionita-

315 2634 394 2693 rem
415 2607 634 2710 interfecit,
659 2629 697 2688 et
716 2601 808 2688 idem
830 2601 1083 2710 allocandum
1111 2627 1149 2686 et
1173 2609 1323 2686 tertium
1337 2609 1452 2707 jecit.
1502 2607 1631 2724 Sitque

316 2717 562 2835 cucustrepitu
590 2721 763 2838 iagrcffm
787 2716 935 2820 aulam,
960 2714 1060 2800 dixit
1076 2723 1191 2832 Regi:
1229 2715 1320 2801 Ecce
1340 2719 1470 2826 affirm:
1500 2713 1634 2818 vocasti

314 2838 411 2918 amm
422 2861 489 2917 me.
544 2837 642 2920 Erat
656 2855 775 2916 amem
789 2858 860 2936 rex
876 2857 954 2912 cum
972 2836 1101 2944 paucis
1123 2837 1163 2914 iu
1186 2827 1361 2914 cubiculo:
1384 2838 1472 2950 quia
1490 2853 1631 2914 tercen-

274 2985 280 2993 ·
315 2967 356 3030 te
373 2975 455 3030 crou
481 2948 697 3056 conscimtia
718 2941 762 3028 be
779 2942 903 3026 mobis
919 2939 1139 3050 sceleribus,
1166 2973 1234 3028 auc
1258 2973 1341 3027 uam
1373 2942 1525 3028 audebat
1552 2964 1632 3026 tuto

313 3060 502 3182 cuqsqllere.
552 3063 622 3146 Ori
634 3061 727 3144 ille:
763 3063 896 3158 Vocaui
919 3055 1061 3176 quidem
1076 3055 1167 3164 ,sed
1185 2969 1293 3161 vale,
1315 3082 1517 3162 reuertere,
1540 3061 1629 3173 quia

313 3173 692 3286 inorbinuteintrulli,
741 3178 826 3258 Nou
845 3197 1028 3276 emercar,
1040 3178 1119 3274 ait,
1127 3171 1200 3279 sed
1206 3175 1300 3275 fiio,
1322 3179 1411 3289 quio
1422 3170 1497 3288 poll
1513 3197 1631 3256 necem

313 3286 504 3389 multorum
533 3292 647 3370 ctiam
666 3291 816 3402 quaeris
831 3291 992 3370 ommam
1014 3313 1155 3382 meam,
1190 3283 1336 3402 ideoque
1355 3307 1420 3369 aut
1440 3313 1505 3404 ega
1527 3297 1638 3398 tu'aut2
1708 3311 1712 3316 ·

313 3401 507 3506 qufferam,
520 3421 589 3483 aut
617 3408 822 3484 tumeam
849 3403 900 3483 Et
926 3405 1043 3484 irruit
1057 3407 1098 3499 iu
1121 3425 1210 3482 euin.
1279 3399 1340 3480 llle
1359 3424 1479 3482 autem
1488 3401 1638 3516 figam.

313 3515 425 3615 iniit,
480 3537 518 3596 et
555 3518 615 3595 ita
643 3535 717 3628 pcc
767 3509 941 3629 quendam
981 3514 1158 3595 occultum
1209 3535 1362 3596 meatum
1409 3513 1537 3619 euafit',
1592 3531 1632 3590 ct

312 3624 671 3728 microcosmum
692 3622 881 3722 atulam,
895 3629 1104 3731 Principis,
1127 3651 1230 3741 quem
1245 3621 1337 3708 idem
1359 3649 1434 3741 pro
1453 3627 1626 3732 cmtfioiu·
1716 3649 1721 3656 ·

310 3734 406 3840 iustu
423 3739 556 3845 effbsfic
584 3739 693 3824 oculis
707 3759 930 3823 cmcauerot.
1002 3741 1187 3857 Dixitque
1209 3735 1262 3824 ab
1286 3767 1384 3841 eum:
1412 3747 1467 3826 Ea
1481 3739 1625 3824 inimici
1631 3842 1635 3852 1
1705 3739 1708 3742 ’

309 3877 491 3969 quaerunt
501 3859 661 3937 ammam
672 3877 806 3955 mom,
828 3877 938 3967 rogo,
961 3874 1004 3936 vc
1018 3853 1153 3952 farios
1177 3881 1309 3936 mecum
1331 3851 1632 3961 miscricordiam,

309 3989 348 4048 et
366 3963 546 4079 pumilio
568 3963 662 4050 mibi
670 3964 764 4071 fiac.
814 3968 869 4046 At
883 3963 946 4046 ille
960 3961 1159 4077 rqipouclic:
1193 3973 1373 4077 Quamuis
1391 3967 1560 4070 iniustum
1580 3969 1623 4048 iu

310 4105 366 4162 me
386 4087 626 4178 exercueritis
654 4086 853 4202 potenciam
858 4141 873 4185 ,
891 4073 1053 4194 probabo
1074 4103 1213 4190 tamen,
1229 4081 1274 4194 st
1293 4104 1441 4198 potero,
1479 4083 1634 4194 sonae„

595 4204 600 4212 ’
1297 4203 1330 4237 ”
1541 4195 1623 4278 uui·
