3759 4784
339 248 408 312 162
669 241 743 333 Cap.
759 239 805 340 II.
829 235 1050 331 Diuurtiorarn
1074 231 1114 302 ab
1140 223 1307 328 illustribus
1394 334 1398 354 Ι

340 427 378 488 et
393 398 697 506 cantellan‘auibus
714 411 753 486 aa
773 423 929 514 tempore
958 395 1131 484 adhibitis
1157 396 1197 482 il
1209 397 1384 502 constare,
1408 425 1518 516 neque
1530 395 1660 504 fhela-

344 546 388 600 rt
408 517 477 600 olla
491 519 655 598 naturali
671 513 888 599 cantrallum
903 507 1060 618 aiebant,
1082 515 1252 620 afferente
1271 509 1310 592 itl
1331 509 1516 594 laudatam.
1572 519 1658 596 Ma·

345 629 440 750 ligni
466 648 587 712 rerum
602 627 844 733 aestimatores
870 632 975 709 varie
991 623 1032 708 id
1045 633 1123 708 eius
1139 625 1288 728 fillum
1309 621 1528 733 inctffibant,
1560 623 1661 743 qttast

345 739 504 844 aiebant,
531 771 615 826 vera
640 739 681 824 id
701 744 763 849 effe
772 739 891 846 finaila
909 737 1049 854 potest„
1066 769 1143 822 cum
1166 739 1276 854 negt·
1298 739 1423 822 Carula
1453 763 1531 820 tres
1557 742 1659 855 effem

348 852 490 940 libert?
529 884 606 938 curn
631 883 786 937 atterens
817 857 917 936 ant
943 857 1083 966 captiui
1104 859 1220 938 vitam
1245 881 1269 934 a
1295 853 1436 952 fratre,
1460 855 1583 936 rnnln‘s
1604 848 1658 932 la·

350 973 483 1081 crymt's
499 969 730 1084 impetraffet,
749 988 890 1070 metum,
912 965 953 1070 fi
979 970 1061 1082 quis
1078 962 1383 1048 initiaadbibitus
1396 967 1462 1070 stt,
1484 991 1659 1083 nunqnam

350 1107 559 1200 pinguium,
587 1081 717 1162 nullum
738 1083 866 1186 mariti
891 1075 1042 1176 officium
1071 1085 1117 1186 in¹
1139 1103 1216 1161 tam
1240 1075 1324 1160 bene
1353 1075 1395 1160 tle
1421 1081 1661 1184 samaritam

353 1223 501 1278 oxarem
529 1191 576 1276 al
596 1225 636 1276 ea
657 1194 832 1295 collatam,
860 1187 1042 1273 cubantem
1064 1219 1137 1274 ana
1163 1219 1210 1274 ex
1236 1191 1333 1274 illius
1354 1190 1535 1304 cornpltxu
1554 1217 1663 1308 aequa

353 1304 541 1416 lisceffiffl’,
569 1332 677 1424 atque
695 1307 805 1388 aliam
823 1306 1006 1386 mulierem
1027 1301 1287 1418 amplexantem
1308 1312 1395 1416 pari
1407 1305 1575 1422 amplexu
1595 1332 1662 1390 nan

355 1442 550 1532 acceptam,
572 1415 734 1523 disiderii
747 1423 825 1500 eius
850 1414 1130 1530 expet‘lutianem
1158 1445 1225 1500 nan
1240 1417 1442 1534 expletam,
1472 1449 1539 1504 uon
1560 1419 1662 1528 prle-
1736 1473 1740 1490 ·

357 1532 452 1616 llum
474 1537 638 1616 ‘animum
659 1561 727 1614 nan
754 1537 962 1650 mitigatum
990 1553 1045 1614 tot
1064 1528 1270 1642 lachrymis,
1297 1559 1388 1648 quas
1404 1531 1661 1644 prm‘untleram

365 1651 502 1729 onris
530 1644 621 1730 oculi
641 1670 708 1761 pra
723 1650 856 1728 marita
869 1640 1051 1730 liberanda
1074 1649 1164 1753 (p).
1186 1639 1192 1654 '
1223 1643 1370 1754 Papam
1401 1645 1522 1758 igitur
1560 1641 1664 1743 adlit,

358 1758 663 1848 matrimonium
683 1761 759 1843 elie
780 1755 973 1855 illicitum,
989 1759 1297 1870 repraesentans,
1315 1787 1365 1844 eo
1383 1759 1495 1871 quod
1515 1741 1664 1846 Ioanna

359 1875 428 1987 ipsi
450 1875 492 1958 in
508 1896 653 1982 quarto
677 1871 1024 1984 consanguinitatis
1054 1870 1182 1986 gradu
1202 1872 1295 1956 effet
1316 1898 1485 1987 cognata
1512 1897 1551 1960 et
1581 1875 1663 1958 stne

360 1986 487 2100 papali
510 1985 788 2100 dislzeniitione
813 1985 1077 2070 contraiium.
1145 1983 1321 2068 Alteram
1347 1990 1498 2074 causam
1514 1988 1664 2098 praeie-

361 2097 486 2197 rebat‚
516 2098 630 2210 quod
659 2097 893 2186 Ludouicus
924 2099 991 2184 XI.
1025 2100 1198 2185 Ioannae
1226 2121 1349 2208 pater,
1378 2129 1519 2214 patens
1545 2103 1693 2193 fuerit,

361 2213 565 2330 spititualis
596 2213 730 2324 ipius,
746 2213 921 2326 ideoque
954 2212 1260 2300 matrimonium
1291 2209 1346 2297 ob
1382 2216 1665 2328 cognationem

294 2354 302 2376 ‘
358 2329 598 2440 spiritualem
622 2329 812 2412 illicitum.
866 2329 1060 2425 Tertiam,
1075 2357 1198 2438 quam
1216 2325 1450 2415 Ludouicus
1465 2331 1549 2416 XII.
1567 2329 1668 2418 adle-

364 2443 495 2553 gabat,
512 2445 553 2526 in
573 2467 625 2525 eo
641 2439 927 2537 consentiebat,
951 2463 996 2525 vt
1027 2440 1126 2525 dum
1152 2443 1232 2526 fine
1250 2467 1413 2552 parente
1430 2445 1536 2538 esset,
1555 2445 1668 2552 omni

364 2553 507 2637 auxilio
532 2553 759 2648 destitutus,
781 2555 900 2636 imnis
926 2551 1123 2636 Ludouici
1145 2555 1212 2638 XI.
1237 2583 1287 2638 eo
1311 2553 1431 2642 fuetit
1459 2557 1672 2658 adduliuS,

363 2665 467 2751 dum
497 2665 566 2778 ipfi
582 2665 633 2750 de
650 2667 728 2748 vita
745 2691 785 2749 ct
800 2663 917 2749 bonis
945 2663 1219 2754 amittentibus
1236 2667 1364 2757 fuiss'et
1381 2671 1667 2768 metuendum,

1622 2807 1669 2871 Vt

413 2975 468 3067 (p)
493 2966 546 3040 De
556 2964 757 3040 Lanam.
768 2989 799 3062 p.
809 2973 866 3056 46.
895 2985 1060 3044 nontin.
1074 2991 1315 3043 cvacnmvs
1332 2967 1671 3042 Ludauicalibilail.

476 3093 510 3171 p.
538 3080 624 3153 280.
674 3076 756 3138 Mna
778 3063 893 3135 iutlica‘o
922 3069 1065 3158 Ecclesiae
1084 3067 1207 3164 dimiffa
1231 3075 1373 3156 Iaanna,
1401 3095 1497 3166 quam
1526 3079 1671 3152 onrem,

476 3165 632 3239 Ludouici
652 3187 745 3252 matu,
772 3174 864 3256 (cunr
883 3165 1010 3260 gillofia
1037 3165 1221 3264 deformitar
1248 3173 1337 3264 affut)
1365 3175 1483 3240 inuitus
1511 3167 1671 3258 duxerant

477 3275 605 3336 Annam
631 3269 737 3333 caran·
763 3266 904 3334 ralillam
921 3267 985 3359 fili
1005 3273 1180 3364 copulanti,
1221 3269 1299 3340 data
1322 3271 1480 3362 labannae
1498 3275 1531 3337 ia
1544 3291 1670 3364 partem

470 3367 666 3458 staucasstnrris
682 3368 862 3458 Biturigum
882 3373 1020 3437 Ducatu.
1058 3393 1288 3440 nunciatus
1317 3367 1373 3440 lib.
1393 3367 1477 3438 VIII.
1503 3376 1673 3448 Carnmrrt.

477 3487 537 3532 rar.
564 3461 675 3538 Galla.
696 3487 728 3558 p.
746 3482 826 3550 223.
885 3463 1004 3534 ludices
1024 3473 1264 3563 caufittognira,
1319 3468 1476 3562 Tbealogis
1489 3466 1670 3559 dollisfimis

476 3557 640 3645 adhibitis,
659 3565 1035 3642 matrimoniummullunr
1050 3569 1113 3658 effi,
1130 3567 1289 3637 Luclaur'cn
1304 3567 1400 3636 aliam
1426 3577 1561 3640 aaaron
1578 3567 1670 3638 aluta·

455 3686 520 3746 -na,
539 3665 674 3732 Iaannae
688 3664 748 3730 alii
767 3667 844 3732 Vina
864 3663 975 3730 nultra
999 3666 1097 3750 littra,
1113 3673 1380 3759 pronuntiarunt:
1415 3675 1463 3737 Ea
1492 3675 1672 3764 Biturigum

474 3771 602 3832 Ducatu
616 3761 734 3850 donata
752 3765 885 3854 innupta
895 3768 1075 3856 permunfit,
1104 3787 1133 3832 at
1166 3771 1301 3858 tpttrrnia
1310 3769 1378 3862 pasl
1396 3792 1413 3836 e
1436 3775 1511 3837 vita
1540 3771 1674 3864 exrrtfit.

473 3857 651 3930 Lndauirus
672 3871 797 3928 Annam
823 3865 1038 3930 Britannicam
1063 3860 1168 3931 Caroli
1192 3865 1316 3934 ullarum
1338 3875 1473 3936 onrem
1500 3867 1608 3942 duxit.
1634 3894 1675 3940 ne

367 4052 371 4058 .
473 3965 641 4030 Britannia
662 3965 775 4043 minor,
783 3964 890 4051 priore
899 3970 1007 4031 Annae
1031 3987 1098 4031 cum
1120 3965 1231 4032 Carala
1251 3971 1451 4036 matrimonia
1469 3973 1567 4038 trium
1588 3961 1674 4041 orali-

471 4083 548 4133 num
569 4061 707 4148 cansrnfia
719 4063 839 4151 sceptro
860 4059 978 4128 Gallica
998 4059 1159 4146 animalia,
1175 4061 1247 4134 inde
1261 4067 1473 4151 diurna-arr,
1494 4091 1523 4140 et
1546 4070 1596 4140 nal
1610 4079 1692 4139 Aa..
1752 4129 1763 4146 ,
1801 4087 1808 4096 “

465 4163 545 4263 glis,
559 4161 614 4230 val
631 4161 706 4228 aliis
717 4163 831 4228 tataris
842 4161 1018 4230 nationibus
1029 4163 1148 4234 arurae
1159 4163 1356 4243 inuadendaa
1370 4165 1551 4262 accastaaern
1570 4169 1675 4263 clarat.
