3759 4784
185 251 190 261 ·
323 233 396 314 152
529 321 534 330 .
605 214 746 322 ,ceput
766 214 816 309 ss,
863 213 1083 286 Diuorum
1098 213 1140 284 ab
1159 213 1324 310 illustribus

322 375 535 468 obseruare
570 378 831 478 sententiam,
867 382 966 468 srcut
1007 377 1246 468 Rhemensrs
1275 375 1643 498 'arehiepiscopum

317 497 545 607 Episcopus
579 493 877 595 bardunensis,
914 496 1224 594 Nouiomensu,
1277 497 1646 589 Autissiodorensis·

319 609 584 708 Beluacensrs,
601 609 1126 710 Morincnsrs,Meldens1s,
1158 612 1432 709 Carnotensrs,
1461 613 1635 701 Aurelia·
1665 669 1672 678 -

293 819 297 833 ,
321 728 452 812 nensis
476 747 519 809 et
542 723 602 807 alii
615 723 725 810 sorte
754 727 956 835 perpauci,
981 726 1148 810 nuntios
1171 725 1265 810 suos
1290 723 1340 808 ad
1368 725 1500 812 sedem
1520 757 1634 842 papa-

317 838 401 927 lem
422 839 673 935 destinantes,
699 865 772 949 per
794 866 903 950 quos
926 837 1121 950 quasdam
1138 840 1422 937 excusationes,
1454 843 1541 950 licet
1568 843 1634 928 sri-

193 1007 213 1017 ·
322 953 439 1042 uolas
465 947 801 1064 praetendebant3
835 951 900 1038 sed
922 949 1225 1062 promittebant,
1258 952 1373 1064 quod
1389 954 1460 1040 illis
1483 960 1643 1066 exposa·-

323 1071 391 1166 tis,
409 1071 437 1170 sa
455 1069 626 1154 demum
645 1067 814 1178 placeret
829 1070 993 1152 summo
1010 1063 1209 1164 Pontifici,
1239 1069 1474 1154 sententiam
1502 1069 1632 1158 obser-

300 1207 476 1270 -uarent
530 1183 644 1268 Cum
677 1181 800 1294 igitur
816 1181 1007 1266 summus
1039 1180 1223 1267 Pontifex
1250 1183 1518 1270 excusationes
1550 1185 1632 1272 illas

322 1294 628 1384 euidentissimis
651 1296 877 1381 rationibus
900 1291 1176 1408 improbaret,
1195 1297 1393 1406 praecepit
1417 1297 1576 1396 iisdem,
1588 1321 1633 1388 vt

321 1411 461 1520 etipsa
494 1409 639 1518 pariter
674 1407 932 1495 obseruarent
966 1397 1202 1496 sententiam
1228 1409 1439 1496 interdisli
1523 1415 1638 1528 Qui,

279 1521 282 1530 ’
321 1523 461 1610 auclito
479 1543 721 1633 praecepto,
752 1521 960 1610 humiliter
983 1547 1232 1636 paruerunt,
1268 1525 1399 1636 sicque
1418 1547 1507 1611 tota
1528 1553 1633 1614 terra

321 1640 446 1754 Regis
475 1637 720 1724 Francorum
745 1639 963 1731 ardissrmo
976 1639 1281 1738 >est‚interdisio
1294 1639 1494 1738 conclusa,
1507 1643 1570 1734 ¹ita
1590 1663 1638 1728 vt

318 1755 455 1846 clausas
478 1752 653 1838 Ecclesris
677 1779 880 1865 nusquam
899 1755 941 1838 in
965 1755 1215 1840 coemeteriis
1254 1753 1510 1851 sepelirentur
1546 1783 1632 1842 cor-

321 1895 423 1986 pora
438 1891 719 1966 mortuorum,
748 1871 847 1978 quin
880 1870 1006 1953 etiam·
1037 1869 1154 1970 super
1189 1891 1338 1954 terram
1377 1865 1633 1955 seruabantur

321 1979 485 2070 vbilibet
500 1981 700 2090 insepulta.
719 1985 777 2090 (z)
833 1984 918 2067 Rex
933 2003 1072 2066 autem
1087 1984 1126 2096 in
1142 2005 1294 2070 tantam
1316 1979 1633 2096 indignationem

272 2141 277 2149 .
321 2090 546 2194 excanduit,
570 2117 614 2179 vt
639 2094 862 2207 Episcopos
884 2117 924 2180 et
946 2093 1265 2194 alios'Clericos,
1304 2095 1374 2210 qui
1400 2097 1533 2208 primo
1560 2101 1633 2184 ser-

319 2233 524 2302 uauenrnt
540 2207 812 2310 interdiclum,
828 2204 877 2294 ab
892 2209 1065 2298 Ecclesris
1081 2211 1158 2299 suis
1186 2209 1329 2296 faceret
1346 2207 1541 2298 violenter
1568 2241 1634 2298 ex-

319 2328 412 2442 pelli
432 2348 473 2412 et
498 2322 608 2412 bona
624 2324 762 2410 omnia
783 2323 979 2436 occupari.
1070 2323 1147 2410 Sed
1180 2349 1274 2409 cum
1306 2323 1421 2437 plebs
1456 2325 1634 2412 Vniuersa

318 2442 517 2532 clamaret,
550 2442 634 2524 Rex
652 2437 732 2522 iam
758 2463 844 2523 non
872 2439 1008 2526 valens
1038 2437 1306 2536 ecclefiasticae
1333 2439 1545 2527 seueritatis
1573 2442 1632 2525 su-

284 2617 287 2620 .
321 2556 464 2640 stinere
481 2551 513 2634 ri
544 2579 675 2646 orem,
700 2551 867 2636 nuntios
885 2553 986 2638 suos
1007 2553 1224 2665 quosdam,
1243 2551 1422 2640 videlicet
1439 2553 1633 2654 Cleritos,

320 2687 363 2754 et
397 2581 599 2776 quosdam
626 2663 779 2748 Milites
816 2663 880 2750 ad·
902 2666 1108 2752 scammum
1142 2665 1381 2752 Pontificem
1396 2665 1631 2775 destinauit,

318 2805 574 2892 conquerens
591 2778 861 2888 multipliciter
882 2779 932 2866 de
954 2777 1102 2896 legam,
1117 2779 1183 2868 sed
1206 2790 1342 2868 tamen
1360 2781 1534 2867 offerens
1561 2807 1632 2892 pet

318 2891 488 3002 eosdem
511 2891 744 2986 iuratoria'm
762 2895 1005 2994 cautionem,
1022 2895 1135 3006 quod
1152 2921 1289 2984 coram
1310 2894 1449 3010 legatis
1480 2895 1544 2980 vel
1562 2893 1630 2980 de-

316 3008 456 3125 legatis
472 2996 667 3094 iudicibus
684 3010 800 3094 staret
821 3009 916 3105 luri.
973 3007 1139 3122 Qibus
1170 3007 1506 3124 prudentisfimus
1527 3012 1633 3120 Papa

317 3121 548 3234 respondit:
581 3121 707 3234 quod
744 3121 1071 3238 distinguendum
1096 3145 1194 3222 erat,
1218 3147 1358 3228 varum
1380 3127 1480 3224 stare
1511 3123 1630 3210 vellet

316 3238 395 3326 iuri
411 3235 573 3334 dictato,
588 3237 654 3320 vel
671 3236 856 3324 disi-ando
873 3271 886 3342 3
916 3238 942 3322 s1
964 3239 1041 3325 iuri
1058 3237 1220 3338 dictato,
1237 3261 1283 3324 vt
1298 3236 1476 3343 videlicet
1496 3239 1630 3328 secun-

318 3351 421 3438 dum
448 3353 533 3447 lus,
563 3348 678 3459 quod
707 3347 921 3436 disiauerat
952 3351 1275 3464 superindus'rarn
1303 3352 1419 3437 aluo
1433 3379 1630 3442 remoue-
1701 3388 1707 3400 “

317 3489 380 3552 ret
396 3463 631 3560 consortio,
661 3485 702 3549 et
720 3465 916 3577 Reginam
933 3467 1126 3577 reciperet
1150 3466 1415 3564 antediilam,
1437 3501 1439 3506 ·
1460 3463 1629 3554 libenter

93 3593 139 3676 ,’
177 3675 181 3680 ,
315 3579 508 3688 reciperet
523 3579 766 3675 cautionem,
798 3580 929 3664 immo
946 3580 1026 3668 sne
1049 3583 1235 3666 cratitione
1257 3575 1444 3690 qualibet,
1485 3581 1516 3663 sr
1549 3579 1647 3682 hoc·

315 3690 474 3793 laceret,
508 3691 694 3778 relaxaret
720 3691 954 3778 sententiam
993 3691 1217 3793 interdisli,
1257 3691 1496 3780 dummodo
1520 3695 1630 3806 prius
1675 3789 1679 3794 ,

316 3807 505 3920 Episcopi
522 3828 563 3890 et
583 3804 725 3913 Clerici
752 3803 925 3905 destituti
958 3807 1119 3922 plenam
1148 3809 1308 3898 fuissent
1338 3808 1632 3896 restitutionem

315 3919 465 4031 adepti,
518 3920 558 4006 Si
576 3949 674 4007 vero
692 3921 769 4008 iuri
788 3920 994 4028 distende,
1020 3922 1292 4028 videlicet‚,‚.vt
1314 3919 1544 4026 secundun·
1566 3924 1631 4008 ius

366 4183 416 4276 (z)
441 4177 529 4275 Gesta
548 4120 717 4258 maerendi
735 4177 789 4250 111.
809 4120 930 4252 ¹1..le

1511 4035 1629 4150 quod
1728 4165 1731 4170 Δ
1860 4079 1861 4108 ;
