3759 4784
337 313 414 393 440
631 290 706 381 Gap,
720 290 760 357 V.
777 284 973 359 seille-De
990 278 1158 381 adierim
1176 273 1211 357 ii
1229 294 1363 378 genere,
1389 251 1392 259 ¹

265 437 270 447 ⁸
337 456 509 545 donitia
530 451 715 565 Scipione
736 448 924 536 Africano
947 414 1162 561 adoptatur
1186 446 1319 537 diuus
1341 450 1413 545 est3
1428 422 1656 550 &Corm-
1779 458 1785 483 '

338 572 423 659 llus
445 568 656 657 Africanus
670 565 802 675 Scipio
818 564 1068 651 Aemilianus
1083 566 1130 651 P.
1146 567 1295 653 Ludus
1320 563 1526 653 lnrdrsa
1540 566 1671 668 Creu,

160 669 166 693 '
341 688 399 785 a,
417 690 463 773 Ρ.
486 681 661 770 uentus
681 680 1088 767 oususuuuaans.
1158 678 1416 792 Pomponius
1450 678 1659 767 aurosa

120 847 123 860 ·
212 847 219 864 ·
314 798 621 915 steaedioz
649 794 933 905 QCaecilius
956 794 1276 907 Pomponianus.
1328 796 1382 880 C
1406 794 1658 881 ouauiuaa

342 916 446 1005 Iulio
465 910 628 1001 Caesare
640 910 860 1019 adoptatus
875 910 926 995 C.
947 908 1074 997 Iulius
1094 908 1233 997 Caesar
1242 906 1507 995 ouauanus.
1562 906 1656 995 Gal.-

207 1033 212 1046 '
343 1032 396 1119 ba
419 1058 442 1115 a
463 1030 672 1121 Nouerca,
702 1024 817 1109 lluia
834 1023 1016 1111 Ooellina
1042 1022 1285 1135 adoptatus,
1308 1025 1345 1107 le
1368 1019 1466 1109 dixit
1492 1022 1654 1109 Liuituu

341 1143 591 1238 Ocellinum‚
607 1136 797 1225 Tiberius
811 1137 1007 1225 Claudius
1028 1140 1145 1223 Nero
1159 1164 1259 1224 vero
1281 1134 1330 1223 ab
1352 1138 1539 1253 Augusto
1563 1134 1659 1221 ado-

338 1282 489 1375 ptatus,
517 1256 652 1341 vocari
679 1252 811 1336 voluit
833 1248 1021 1337 Iibetius
1042 1250 1142 1337 Diui
1157 1252 1328 1365 Augusti
1339 1248 1461 1339 filius.
1517 1252 1654 1335 Poste·

341 1376 438 1462 rlori
456 1394 646 1479 tempore
665 1364 735 1450 filii
748 1364 934 1477 adoptiui
955 1366 1164 1465 Caesares,
1189 1362 1657 1477 Principesqu'entutis,
1828 1392 1837 1403 ·

340 1484 592 1575 Tribunitiae
607 1480 1044 1595 potestatisConsortes
1062 1478 1247 1593 adpellari
1261 1480 1494 1569 voluerunt
1524 1481 1658 1565 Poste·

282 1631 286 1645 ·
343 1596 519 1689 rioribus
543 1596 680 1685 seculis
707 1595 749 1680 id
763 1596 1015 1684 rariusfuille
1032 1594 1359 1710 frequentatam,
1384 1595 1524 1683 adserit
1543 1620 1657 1683 rvr.-
1693 1678 1699 1687 ,

341 1738 499 1805 rrsrva
524 1712 593 1823 (f)
613 1710 682 1798 nist
703 1710 753 1797 ab
773 1709 994 1821 adoptante
1010 1712 1094 1825 ipso
1112 1706 1315 1803 neceffites
1329 1709 1486 1799 ferendi
1502 1734 1655 1795 nomen

343 1856 386 1922 et
405 1829 571 1943 infignia
597 1825 791 1937 adoptato
819 1854 950 1937 puero
971 1827 1172 1941 imposita,
1193 1852 1280 1941 quo
1299 1825 1386 1914 tnsu
1408 1849 1545 1913 tamen
1563 1848 1659 1934 pro·

344 1949 450 2063 priate
472 1946 562 2028 suae
585 1941 751 2027 familiae
766 1966 875 2024 arma
890 1942 1117 2053 relinquere
1133 1970 1220 2030 non
1244 1963 1430 2041 tenetur,
1457 1938 1521 2027 sed
1539 1936 1657 2025 fimul

343 2064 592 2169 coniungere
609 2059 740 2167 potest
761 2076 882 2167 atque
913 2058 1111 2159 retinere,
1130 2062 1226 2149 teste
1247 2052 1468 2149 Pathinaeo
1495 2058 1573 2169 (g)
1600 2072 1656 2139 at-

345 2203 428 2289 que
449 2172 644 2259 Tellauro
668 2168 762 2282 (h).
1037 2200 1041 2211 ¹
1101 2205 1106 2215 ·

855 2358 895 2462 §.
958 2354 1142 2445 XXVIII.

457 2487 572 2574 Circa
595 2481 924 2597 adquisitionem,
948 2486 1047 2573 luris
1071 2486 1245 2573 Renuni
1269 2492 1325 2575 est
1344 2488 1437 2597 (i),
1476 2508 1521 2573 vt
1545 2510 1655 2571 arro·
1701 2548 1709 2557 .

344 2604 429 2718 gari
449 2604 560 2689 bona
573 2622 777 2689 transeant
794 2598 843 2685 ad
871 2618 1144 2800 auoqanoem,
1162 2600 1277 2715 quod
1300 2627 1436 2690 tamen
1462 2600 1559 2687 circa
1583 2600 1658 2687 im.-

346 2736 533 2829 perantes
555 2713 722 2799 minime
742 2712 912 2804 obtinet.
993 2743 1123 2803 oanna
1140 2720 1191 2805 II.
1214 2720 1322 2805 enim
1340 2719 1428 2805 licet
1443 2720 1492 2805 Al
1511 2714 1658 2801 onsum

343 2830 567 2941 adoptaret,
598 2826 721 2937 ipsius
738 2851 876 2917 tamen
900 2856 1078 2945 regnum
1100 2834 1347 2945 Arragoniae
1379 2856 1465 2919 non
1493 2828 1658 2941 adquisi-

343 2946 419 3045 uit,
437 2940 791 3054 necMargaretha
806 2945 966 3033 Ericum
985 2946 1244 3053 Pomeraniae
1273 2953 1434 3033 Ducem
1456 2947 1655 3059 adrogans

343 3066 553 3151 Ducatum
578 3058 846 3147 Pomeraniae
899 3061 987 3146 Nec
1009 3061 1126 3149 etiam
1144 3056 1250 3147 filius
1274 3058 1517 3172 adoptiuus,
1549 3060 1658 3173 quic-

345 3171 445 3287 quid
462 3170 660 3285 adquirit2
678 3175 779 3285 patri
800 3172 985 3287 adquirit.
1063 3174 1300 3273 Aurelianus
1329 3177 1547 3295 imperator
1584 3176 1657 3261 lm·

241 3337 245 3346 ·
342 3288 505 3404 perium
531 3286 764 3377 Romanum
794 3287 864 3376 fibi
885 3288 1096 3401 adquisruit
1114 3352 1127 3388 ,
1146 3288 1314 3379 minime
1340 3302 1441 3377 vero
1468 3286 1655 3407 patriad·
1684 3314 1691 3323 ·

344 3404 524 3512 optino,
553 3400 677 3511 leio
704 3406 864 3491 Crinito
892 3405 982 3517 (k).
1036 3402 1276 3504 Catharina,
1315 3406 1441 3518 Cypri
1478 3428 1654 3517 regnum
1791 3478 1795 3485 .

313 3594 318 3601 .
344 3520 641 3633 postmortem
667 3518 800 3606 iacobi
826 3517 979 3616 mariti,
1005 3542 1092 3609 non
1117 3544 1217 3611 vero
1243 3519 1496 3635 Reipubliote
1523 3523 1660 3609 vene-

1268 3648 1272 3666 '
1312 3660 1315 3669 ¹
1427 3682 1430 3688 ,
1578 3660 1655 3737 tae,

394 3810 455 3908 (f)
477 3830 696 3885 rvrnrsrvs
717 3816 802 3899 §.b
850 3761 854 3770 Ι

398 3924 459 4020 (g)
485 3923 603 3995 [ἐὰν.
622 3922 701 4015 conſs
709 3924 850 3997 XXXII.
871 3944 967 4000 naa.
