3759 4784
321 299 370 380 7²
646 277 721 384 Gap.
738 273 785 348 H.
820 269 1042 347 aasumensi
1059 257 1104 346 ¹sl
1126 269 1305 400 ilustrs‘lus.

323 447 515 562 confideret
524 445 723 552 securitati
737 439 829 542 iusta
846 439 988 523 altiore.
1038 445 1091 524 Et
1110 441 1257 526 mods'cis
1279 426 1469 549 remediis,
1496 449 1635 548 primos

322 591 434 650 inuris
459 557 648 666 catfidsjle.
716 553 807 656 Vtfi
823 551 1002 667 desperent
1016 583 1164 639 onorem
1183 559 1433 666 Neronisfo're
1445 559 1634 646 Odauiam

275 729 284 742 ι
324 683 381 766 illi
406 680 577 760 ataricum
595 667 753 750 daturos.
817 669 1095 772 ruriussermo,
1112 691 1151 749 et
1168 667 1219 752 ad
1235 695 1364 754 unctum
1386 698 1424 754 et
1452 679 1549 756 iram
1571 705 1634 758 ac·
1691 768 1696 774 q

324 785 569 884 commodatus,
585 787 722 864 terruit
739 779 849 882 ,aaut
871 779 1071 864 audientem
1093 806 1130 862 et
1155 781 1325 866 accendit.
1403 783 1473 870 Sed
1495 809 1637 899 ,purum

271 917 273 925 ’
327 903 470 994 uolebam
484 899 644 1012 fitspicio
661 899 700 976 in
710 893 841 1000 seruo,
865 918 901 976 et
932 891 1191 1009 quaestionibus
1219 897 1432 980 ancillarum
1470 900 1633 1008 eluserat.

328 1028 426 1137 Eugo
457 1009 697 1115 consfhsfimem
732 1007 887 1090 alicuius
931 1013 1063 1125 quatri
1088 1009 1229 1122 placet,
1265 1016 1325 1093 tui
1353 1037 1636 1131 eorumquoque

326 1157 498 1220 nouarum
518 1131 653 1208 crimen
668 1119 924 1238 affigeretur.
977 1127 1027 1208 Et
1042 1125 1139 1228 vista
1159 1121 1303 1208 idoneus
1335 1150 1518 1210 maternae
1540 1133 1636 1210 necis
1694 1152 1701 1169 ’

265 1331 291 1347 ι,
320 1268 496 1368 patrator
525 1235 708 1339 Aonidsss',
747 1236 893 1337 clafia
916 1231 968 1318 ud
994 1237 1190 1340 Misenum,
1219 1263 1260 1322 vt
1287 1247 1499 1344 memoratri,
1521 1263 1635 1356 prae·

323 1359 467 1468 fieus,
491 1355 561 1438 leui
579 1349 655 1466 post
671 1347 851 1458 admiffistu
884 1349 979 1430 celus
995 1354 1152 1463 gratia,
1186 1348 1309 1433 deinde
1322 1359 1506 1468 grauiore
1531 1351 1636 1436 odio:
1697 1345 1704 1354 ¹

327 1479 414 1591 qudo
430 1467 601 1554 malorum
612 1461 1005 1568 facinorumministri
1026 1463 1130 1578 quast
1151 1461 1413 1578 exprobrantes
1432 1463 1638 1580 adspiciun-
1684 1475 1694 1506 ⁸

327 1615 402 1676 tur.
459 1587 577 1698 {picas
599 1583 752 1660 accitum
775 1603 852 1658 cum
879 1577 1013 1679 Cacsar
1032 1597 1161 1688 operae
1174 1585 1315 1688 prioris
1343 1577 1506 1664 admonet
1528 1581 1637 1676 solum

328 1697 566 1805 incolumitati
598 1695 784 1803 Principis
810 1687 978 1793 aduersus
998 1689 1220 1791 ircstdiantem
1246 1718 1398 1774 rttatrern
1414 1690 1637 1800 subuertffe:

262 1813 275 1824 ’
324 1816 436 1902 locutu
456 1804 553 1894 haud
571 1809 720 1890 miinoris
727 1809 883 1918 gratiae
908 1799 1061 1904 uastare,
1072 1805 1114 1906 ſs
1125 1811 1308 1918 coniugem
1324 1809 1498 1909 infandum
1522 1806 1637 1922 depel-

270 1959 274 1968 ·
328 1930 439 2027 leret,
465 1951 526 2006 nec
541 1947 646 2002 manu
662 1940 725 2000 aut
741 1913 809 1998 telo
835 1939 932 2030 opus.
985 1921 1177 1999 fateretur
1211 1918 1385 2002 Odauiae
1404 1918 1639 2006 adulterium.

329 2037 474 2126 Occulta
488 2031 630 2152 quidem
645 2027 891 2144 adpraesens,
899 2025 973 2136 fied
988 2057 1120 2148 tnagna
1148 2037 1184 2112 ei
1208 2038 1401 2146 praemia,
1436 2059 1475 2117 et
1488 2035 1640 2142 seceffus

327 2179 487 2240 osroenos
511 2149 722 2264 promittite
749 2141 809 2225 vel
816 2143 858 2246 ſs
871 2146 1075 2258 negautfft‘t,
1090 2171 1207 2227 necem
1227 2151 1396 2229 intentat.
1451 2147 1514 2230 Ille
1529 2150 1568 2229 iu
1581 2171 1637 2231 tta

226 2325 234 2334 .
325 2259 511 2367 vecordia,
531 2281 567 2344 et
571 2257 768 2364 facilitate
786 2261 952 2374 priorum
976 2256 1224 2372 flagitiorum,
1237 2259 1349 2373 plura
1383 2268 1495 2345 etiam
1528 2289 1637 2378 quoru

327 2383 452 2491 iuffitm
469 2401 549 2460 eras
561 2441 572 2480 ,
579 2371 696 2488 fingit
708 2431 720 2473 ,
728 2378 949 2485 fateturque
970 2370 1069 2484 apisd
1085 2377 1239 2475 amicos,
1261 2399 1348 2490 quos
1376 2375 1474 2458 uelut
1490 2375 1638 2474 ‚confilio

284 2513 289 2525 '
326 2491 538 2580 adhibuerat
555 2494 739 2598 Princeps.
797 2489 885 2566 Tum
909 2490 949 2562 in
967 2482 1173 2567 Sardiniam
1191 2487 1353 2601 pellitur,
1364 2484 1426 2572 obi
1449 2517 1515 2586 rson
1534 2493 1638 2602 inops
1656 2499 1662 2505 '

328 2605 487 2712 eofilium
516 2601 697 2701 tolerarit,
725 2618 761 2678 et
772 2599 864 2697 fato
886 2591 985 2678 abiit.
1036 2601 1090 2679 At
1110 2603 1212 2680 Nero
1223 2599 1449 2714 praefedurn
1475 2609 1517 2684 in
1534 2601 1637 2714 span

314 2714 511 2832 sociandae
527 2713 645 2815 classts
660 2733 886 2824 corruptum,
916 2734 954 2791 et
967 2709 1170 2822 inculpatae
1181 2713 1304 2826 paullo
1325 2739 1411 2796 ante
1422 2714 1639 2817 sterilitatis

330 2833 459 2921 oblitus
483 2825 626 2910 aballos
646 2845 783 2938 partus
808 2821 1021 2927 conscientia
1040 2821 1226 2908 libidinum
1241 2856 1290 2929 ,e
1337 2824 1459 2933 usfilri
1482 2851 1639 2942 comper-

328 2941 734 3048 rasomonorum.
815 2937 1000 3054 infidaque
1025 2934 1311 3026 Pandateriam
1344 2950 1467 3026 auiam
1496 2939 1639 3025 claudit.
1734 3011 1744 3022 .

331 3071 414 3150 Non
430 3060 507 3144 alia
528 3054 615 3142 exul
633 3052 821 3156 ausentium
838 3049 953 3134 oculos
974 3057 1109 3135 maiore
1132 3053 1376 3159 misericordia
1389 3054 1536 3158 adfecit.
1556 3061 1641 3137 Me·

329 3181 509 3262 rniuerans
526 3167 638 3254 adhuc
660 3163 806 3256 auidam
825 3170 1115 3360 Agu·cppime,a
1138 3163 1304 3260 Tiberioc
1328 3176 1508 3251 recentior
1527 3167 1640 3250 Iuliae
1676 3229 1696 3245 .

330 3291 501 3374 mensoria
514 3259 788 3388 obuersadotur,
803 3307 828 3360 a
846 3279 935 3360 Clau
958 3285 992 3358 io
1003 3279 1140 3394 perfice.
1195 3280 1264 3364 Sed
1285 3284 1359 3378 illis
1373 3279 1484 3364 robur
1504 3287 1640 3364 aetatis

329 3401 516 3505 adficeret.
571 3399 686 3480 mesa
707 3392 831 3508 aliquo
849 3389 1015 3474 viderant
1026 3459 1041 3497 ,
1061 3419 1097 3476 et
1112 3397 1339 3588 praestatem
1348 3397 1549 3501 saeuitiam
1569 3405 1641 3475 nte·
1673 3394 1677 3399 ’

329 3517 435 3603 liaris
457 3513 540 3596 olim
564 3512 748 3610 fhrtttnat
768 3503 1011 3588 recordatione
1033 3507 1112 3586 leun
1133 3530 1211 3588 ant.
1293 3515 1392 3592 Huic
1406 3518 1552 3624 primus
1575 3514 1639 3606 ocsu-

329 3636 490 3748 ptiamsm
505 3621 583 3708 dits
606 3623 677 3706 loco
689 3619 949 3723 fitnerisfttit,
970 3617 1136 3704 dedudac
1166 3626 1206 3699 in
1228 3617 1385 3726 dasuutn,
1403 3631 1442 3704 in
1462 3653 1534 3742 qua
1550 3619 1647 3706 nihil

330 3745 400 3847 nist
410 3738 597 3844 mannam
613 3732 772 3836 haberet,
786 3755 910 3926 erepto
923 3753 992 3845 per
1006 3759 1172 3815 maenum
1184 3753 1307 3847 patre,
1321 3762 1357 3817 et
1363 3737 1641 3839 statimfratre.
1755 3739 1763 3752 “

336 3863 425 3942 Turn
450 3852 581 3940 ancilla
594 3847 734 3933 dotrina
753 3845 830 3931 vali
851 3852 919 3925 ior.
976 3851 1026 3929 tt
1040 3852 1208 3960 Poppaea
1231 3877 1297 3930 non
1313 3854 1431 3955 nistin
1439 3856 1640 3966 perniciem

332 3974 459 4055 vocarit
480 3989 603 4080 nupta
662 3960 836 4064 Postremo
857 3965 991 4040 crimen
1019 3965 1114 4042 omui
1132 3966 1422 4078 exitiograut'us.
1472 3969 1528 4047 Ac
1539 3963 1641 4078 puel·

329 4081 545 4186 laot'ccstmo
558 4085 823 4177 aetatisanno,
846 4079 944 4158 inter
967 4080 1187 4158 centuriones
1208 4099 1244 4158 et
1257 4078 1424 4184 milites,
1443 4081 1641 4194 praesagia
1673 4069 1689 4076 ’

1564 4221 1643 4276 nsa-
