3759 4784
326 301 412 386 are.
472 405 476 412 Ι
652 293 802 392 ειμι.
826 293 1052 369 mnam
1073 291 1303 390 ariana

324 483 425 552 reto
445 483 517 546 rex
538 456 654 572 quorl
676 485 822 572 parum
840 456 1087 573 proficeret,
1114 485 1209 546 cum
1236 453 1380 544 diebus
1407 455 1565 571 aliquot
1593 457 1640 548 lia

327 572 504 706 tigrium
529 572 766 689 indignatus
782 576 964 674 recessit,
988 573 1134 662 nolens
1160 599 1298 658 coram
1319 573 1411 684 ipsas
1427 571 1568 686 legatis
1581 571 1640 658 vl·

325 711 454 780 tenus
474 687 640 801 litigare.
695 692 892 774 Sununus
921 709 1060 776 autem
1088 687 1297 784 Pontifex,
1329 687 1398 772 etii
1427 690 1653 798 nunquam·

322 803 504 916 potuerit
519 830 661 916 regem
675 799 867 888 inducere
882 864 896 901 ,
910 825 957 888 vt
970 803 1091 914 ipsam
1109 803 1307 916 Reginam
1330 799 1525 914 diligeret,
1535 827 1639 886 nun-

324 943 450 1029 quam
472 937 608 1003 tamen
629 912 794 1004 ceffibat
820 935 896 1004 nec
920 914 1080 1004 blandis
1114 941 1188 1001 net
1212 915 1352 1027 asperis
1386 941 1506 1028 agere
1530 913 1639 1027 apud

322 1032 484 1144 ipsum,
520 1028 566 1116 'vt
594 1058 686 1117 eam
710 1029 857 1118 faceret
890 1029 1075 1145 regaliter
1100 1023 1320 1126 honorari,
1354 1028 1638 1116 consolatorias

322 1169 365 1234 et
390 1144 701 1235 confortatorias
719 1144 757 1232 ei
778 1145 926 1232 litteras
948 1146 1060 1258 saepe
1089 1145 1369 1230 transmittens
1392 1149 1469 1252 (c),
1497 1165 1538 1228 et
1562 1171 1635 1256 per

169 1259 173 1266 ’
324 1259 516 1393 proprios
541 1259 711 1350 nuntios
746 1285 837 1345 eam
859 1259 1006 1346 faciens
1035 1257 1199 1355 visitari,
1225 1255 1277 1344 de
1306 1255 1635 1370 contingentibus

322 1371 426 1462 ruhil
451 1371 643 1472 mittens,
658 1396 663 1408 ·
681 1371 829 1459 etiamst
866 1374 953 1487 regi
984 1372 1207 1486 plurimum
1243 1369 1476 1486 displiceret.
1528 1375 1640 1458 Nam

326 1483 468 1574 eadem
484 1485 622 1597 regina
645 1483 992 1598 conquerebatur,
1015 1482 1051 1572 se
1082 1487 1213 1599 magis
1237 1486 1314 1572 effe
1341 1487 1634 1584 incarceratam,

287 1677 301 1688 .
323 1626 447 1714 quam
467 1599 807 1698 restitutumcrun
822 1601 891 1686 etsi
909 1628 978 1688 rex
998 1601 1040 1686 in
1060 1598 1167 1686 viiio
1187 1619 1228 1686 et
1244 1596 1386 1686 vestitu
1403 1623 1633 1711 comperen-

270 1799 277 1808 ,
323 1735 386 1815 ter
403 1713 599 1800 eiiaoeret
627 1712 859 1826 prouideri,
888 1713 991 1802 adeo
1031 1734 1167 1800 tamen
1207 1713 1312 1800 artie
1338 1711 1514 1808 iaciebat
1542 1741 1633 1802 eam

320 1827 428 1941 apud
458 1830 642 1946 stampas
667 1825 747 1936 (d)
775 1829 819 1914 in
846 1829 962 1942 regio
997 1827 1143 1940 palatio
1170 1825 1378 1926 custodiri,
1420 1827 1535 1940 quod
1559 1835 1638 1918 nec'

304 1943 394 2054 ¹ipsa
465 1936 723 2026 mittebatur
748 1940 924 2039 intrare,
963 1940 1094 2052 sicque
1117 1939 1304 2028 manebat
1328 1943 1502 2028 omnino
1535 1941 1630 2029 sola-

315 2057 375 2142 rio
484 2053 586 2140 'tuta
606 2057 677 2159 (e).
735 2049 923 2140 Habuisse
936 2053 1094 2140 etiami
1122 2053 1209 2139 ium
1227 2056 1269 2142 in
1283 2057 1419 2143 animo
1436 2057 1630 2146 Herman-

313 2171 358 2258 ni
383 2165 630 2281 Thuringiae
655 2163 894 2282 Landgrauii
925 2163 1048 2254 filiam
1103 2195 1220 2256 ucere
1243 2168 1285 2254 in
1307 2171 1630 2276 matrimonium,

287 2282 291 2289 ’
313 2282 435 2372 docet
445 2282 566 2396 ipsius
579 2281 818 2369 Conuentio
826 2279 877 2368 de
887 2285 936 2370 A.
946 2283 1120 2372 MCCX.
1137 2281 1244 2395 apud
1263 2311 1550 2376 uarvrzrvn
1562 2285 1628 2394 (f)

310 2393 435 2486 huius
464 2398 651 2484 tenoris:
706 2401 808 2482 Haec
828 2395 877 2502 est
902 2404 1119 2501 ommia,
1143 2423 1253 2512 quarn
1266 2401 1430 2501 fecimus
1446 2405 1570 2484 iurari
1590 2406 1631 2484 ire

313 2519 472 2598 unimam
495 2510 675 2613 nostram,
696 2507 792 2625 quod
815 2537 878 2592 nor
888 2510 1014 2614 filiam
1041 2507 1269 2623 Mriqrmeii
1293 2509 1409 2596 iiiuri
1457 2517 1517 2598 iae
1535 2518 1632 2607 acci-

310 2629 450 2742 piemus
476 2627 517 2705 irr
533 2647 707 2723 uxorem,
727 2617 864 2725 mstita
884 2621 966 2730 effer
979 2617 1165 2725 indecem,
1185 2619 1280 2739 quod
1291 2619 1391 2708 nobis
1407 2539 1630 2732 inliceret,

308 2732 475 2842 fidiiias
484 2731 737 2852 migramus
749 2755 967 2849 procurem
985 2761 1077 2852 erga
1092 2731 1266 2822 uminum
1286 2743 1451 2856 Papam,
1473 2735 1631 2860 qaoddi-
1680 2803 1687 2808 -

328 2901 333 2912 .
361 2867 365 2879 '
1152 2885 1155 2890 ·
1176 2881 1185 2902 ν
1546 2879 1630 2938 W-

418 3025 505 3104 airus
525 3027 587 3102 iiiia
599 3048 662 3124 per
674 3028 801 3102 eureus
813 3028 908 3124 surr,
926 3023 1015 3126 quod
1028 3031 1261 3124 vreeerrfiaaem
1270 3035 1375 3125 secure
1392 3029 1533 3115 lucebat,
1545 3034 1628 3126 ficut

413 3135 533 3227 strum,
550 3155 608 3202 uer
633 3131 759 3223 epareri
774 3149 848 3203 aune
861 3127 903 3201 ri
927 3155 964 3201 ea
987 3130 1117 3204 rriebue.
1165 3137 1246 3231 Qu
1273 3133 1400 3218 audite,
1416 3135 1558 3224 sormam
1585 3133 1626 3226 est
1745 3193 1750 3198 .

419 3231 604 3312 concilium,
624 3231 807 3323 stupeseiiis
825 3225 1053 3314 ,cardinalibus
1083 3250 1114 3300 et
1132 3231 1289 3326 episcopis,
1304 3235 1362 3328 qui
1388 3232 1436 3301 ud
1452 3232 1625 3304 diuortium

413 3324 600 3426 faciendum
617 3349 833 3401 conuenerunt.
878 3339 922 3400 Et
937 3351 1011 3402 tune
1032 3336 1164 3402 Ioannes
1185 3331 1223 3400 de
1245 3339 1278 3402 S.
1300 3329 1401 3402 Paulo
1427 3356 1498 3402 curre
1521 3335 1624 3403 nimia

420 3427 625 3517 erubescentia
638 3428 765 3520 periers
777 3429 914 3520 receffit,
951 3434 1141 3500 oiiauiarus
1154 3451 1260 3502 aurern
1271 3434 1305 3500 iu
1319 3435 1458 3516 Ferraria
1465 3433 1623 3528 reruarrfit.

420 3533 464 3600 ea
472 3529 517 3619 fic
534 3526 695 3620 Philippus
708 3551 764 3596 rex
780 3527 840 3596 hac
856 3535 921 3598 rice
935 3553 1049 3600 marus
1061 3537 1272 3600 Romanarum
1288 3532 1395 3622 euafir.
1413 3611 1417 3616 ,

359 3625 416 3722 (e)
437 3627 530 3700 Talis
549 3624 596 3698 est
614 3630 699 3698 inter
718 3621 875 3721 Epistulas
895 3628 1077 3700 innocentii
1096 3628 1153 3702 lib.
1170 3630 1259 3702 Xlll.
1281 3651 1332 3723 ep.
1348 3629 1465 3702 LXVI.

361 3727 438 3823 (d)
470 3751 527 3804 10.
551 3749 690 3800 rarrvs
714 3728 1041 3822 Cirrr.reg.1·’rane.
1064 3727 1106 3800 ad
1134 3731 1175 3800 A.
1188 3725 1385 3806 Mcxcv1.
1410 3737 1476 3800 Rex
1497 3750 1621 3800 exorere

373 3905 377 3912 ,
411 3828 500 3903 duait
524 3825 707 3920 Geibergam
723 3828 811 3901 Dani
826 3832 908 3922 regit
918 3829 1083 3920 sororem,
1114 3853 1212 3924 quam
1228 3831 1315 3898 iutra
1331 3833 1461 3900 tertium
1488 3828 1620 3920 mersere

415 3925 614 4022 repudiatam
629 3947 662 3994 ee
678 3929 712 3994 ir
730 3931 933 4020 stamparum
946 3952 1050 3999 arcere
1068 3933 1234 3999 cruieiiaru
1255 3932 1406 4022 afferuuri
1418 3927 1620 4024 iuier„menfi

413 4028 665 4122 iuriose’querrei
683 4033 830 4118 Agreeeru
850 4023 941 4098 ducis
958 4033 1127 4100 Morauiue
1139 4011 1248 4123 filiam
1268 4032 1394 4124 aceepit.

355 4146 404 4238 (e)
432 4144 522 4232 Gesta
536 4147 706 4214 Iunreereii
722 4165 757 4222 re,
769 4146 839 4214 W.

355 4241 420 4338 (f)
442 4243 571 4336 Mistali.
592 4239 742 4314 lib.V111.
766 4261 801 4336 p.
821 4257 927 4336 1245,
1108 4272 1113 4282 .
