3759 4784
328 267 405 365 nr
642 212 1474 365 mmmummmm.,

886 438 926 542 i
981 434 1084 523 XLI.

443 577 510 664 De
535 570 736 669 Reinatdi,
767 566 953 663 Geldriae
969 576 1110 678 Ducis,
1139 568 1317 667 diuortio
1348 587 1442 665 curn
1468 572 1647 695 coniuge

274 689 281 703 '
331 690 557 791 Fieonora,
575 692 626 775 sn:
650 686 771 773 refert
796 716 862 776 ro.
883 718 1007 779 rsnc.
1036 716 1294 785 rournuvs
1321 698 1400 801 (ηε
1456 691 1648 788 Refertur

332 808 442 893 enirn
457 808 603 895 coniux
626 803 713 888 eius
736 798 985 891 illustrissima
1007 801 1230 907 Eleonora,
1269 801 1463 911 Eduardi,
1508 828 1553 891 vt
1570 832 1645 895 ,re-

331 922 526 1020 tulimus,
568 908 864 1035 eminentiffimi
899 921 1131 1033 Anglorum
1176 924 1298 1039 Regis
1330 925 1470 1027 soror,
1503 920 1649 1005 finistm

332 1033 593 1151 quorundam
618 1031 902 1135 susurronum,
950 1035 1021 1147 qui
1055 1036 1173 1121 etiam
1216 1036 1422 1125 confilium
1456 1036 1646 1149 Principis

332 1151 562 1267 participare
583 1142 877 1245 credebantur,
908 1146 960 1235 de
983 1150 1121 1237 vultus
1152 1152 1272 1263 ipsius
1290 1146 1445 1239 'colore
1481 1148 1647 1237 assumta
1786 1170 1789 1180 ·

333 1264 624 1353 coniectatione
661 1262 762 1371 (qui
790 1288 841 1346 an
862 1259 1031 1361 iutidus,
1059 1292 1109 1351 an
1145 1292 1245 1351 vero
1272 1264 1441 1351 floridus
1469 1287 1509 1349 et
1530 1264 1644 1377 igne·

334 1379 442 1465 scens
466 1374 579 1462 color
601 1373 737 1471 fuerit,
761 1398 808 1456 ex
830 1371 964 1463 verbis
985 1376 1207 1466 Berchemii
1229 1376 1339 1465 haud
1353 1380 1437 1465 satis
1455 1380 1646 1493 percipio,

335 1492 410 1605 qui
432 1490 559 1575 altum
574 1486 683 1575 faciei
702 1487 1117 1602 colorem·appellat)'
1130 1492 1265 1605 leprae
1284 1493 1447 1581 alicuius
1472 1514 1541 1579 aut
1557 1492 1644 1579 riti·

334 1603 466 1721 liginir
490 1604 605 1691 fuiisc
639 1602 871 1711 suspectata:
903 1631 996 1691 cum
1027 1632 1080 1693 ue
1101 1604 1265 1695 athoro
1283 1634 1325 1693 ac
1345 1608 1546 1695 consortio
1562 1634 1645 1691 ma·

335 1724 401 1811 riti
412 1748 464 1807 eo
477 1718 644 1805 nomine
660 1717 832 1804 seiuniia
851 1634 1077 1831 aliquandiu
1095 1722 1644 1839 egiffet,memoratur,capto

333 1860 537 1947 tempore,
556 1830 761 1941 arsumpris
778 1828 834 1919 ab
864 1856 1033 1945 utraque
1057 1862 1181 1921 manu
1212 1833 1406 1925 Reinaldo
1439 1833 1647 1921 Eduardo

364 1978 418 2037 tre
439 1945 552 2044 filiis,
568 1944 719 2031 tunna
734 1944 853 2031 serico
881 1940 1114 2035 tenuiffimo
1140 1948 1301 2037 nudum
1324 1978 1471 2061 corpus
1489 1948 1646 2047 induta,

334 1981 591 2177 {iperiniesta
608 2060 783 2147 exterius
801 2058 909 2145 talari
928 2082 1049 2175 toga,
1073 2062 1259 2177 palatium
1276 2064 1554 2179 Neomagense
1581 2078 1650 2175 pe*

335 2178 465 2267 uisse:
538 2176 676 2287 Atque
690 2170 743 2259 ibi
767 2176 929 2262 Ducem
952 2178 1191 2265 Reintidum
1211 2181 1403 2267 maritum
1422 2181 1562 2277 suum,
1579 2174 1650 2288 qui

334 2320 414 2381 una
428 2318 524 2396 curn
542 2290 700 2377 Gelriae
726 2292 912 2377 odorus
933 2290 1182 2405 primoribus
1203 2294 1377 2411 aliquot,
1404 2294 1506 2380 intra
1521 2290 1650 2405 palatii
1720 2320 1723 2326 ·

336 2408 528 2497 conclaue
564 2404 747 2517 praesens
778 2402 932 2505 aderat,
975 2406 1287 2509 commodine,
1338 2436 1383 2495 ac
1411 2412 1518 2496 veste
1544 2428 1648 2494 vtra-

336 2550 419 2635 que
433 2517 665 2631 pubetenus
684 2518 853 2615 reuera,
877 2520 921 2604 in
945 2516 1044 2609 haec
1066 2520 1370 2635 propemodum
1401 2518 1545 2621 verba,
1580 2548 1650 2607 au·

338 2632 544 2723 dientibus
569 2632 722 2717 tundis
738 2694 763 2731 „
793 2628 1135 2743 ladrrymabundn
1162 2638 1411 2750 prorupiffe:
1468 2636 1651 2725 Domine

339 2744 584 2843 micineae,
610 2772 698 2829 ecce
722 2744 874 2843 adsum,
896 2749 1073 2859 impense
1090 2775 1246 2861 petens,
1265 2776 1309 2839 vt
1326 2750 1382 2853 de,
1394 2748 1481 2837 labe
1506 2776 1651 2862 corpo-

189 2910 197 2921 =
327 2864 408 2983 ¹ris,
429 2888 535 2974 quae
548 2854 669 2945 nobis
687 2857 839 2942 niuole
869 2855 1048 2961 obicint,
1079 2864 1311 2978 diligentius
1326 2894 1489 2953 examen
1506 2860 1651 2951 hanea-
1689 2862 1693 2869 ’

337 3002 407 3068 tur
423 2977 800 3111 inspiciaturque‚an
824 3000 904 3087 ego
930 2974 994 3064 uel
1020 2978 1243 3095 impetigini
1279 2981 1416 3083 alicui,
1451 3003 1529 3077 aut.
1551 2980 1650 3087 vitio

245 3180 253 3193 ,
341 3090 540 3182 obnoxia:
568 3090 626 3174 Et
636 3118 741 3175 num
762 3087 915 3201 potius,
944 3114 988 3179 vt
1004 3117 1131 3180 cetera
1153 3094 1379 3183 valetudine
1394 3097 1551 3209 integra
1564 3093 1652 3180 foe·

338 3206 470 3297 minae
488 3206 594 3290 bene
608 3198 749 3290 habito
770 3232 817 3289 ac
843 3204 937 3291 sano
955 3210 1025 3292 nm
1049 3236 1241 3321 corpore:
1275 3212 1339 3308 Hi,
1357 3211 1427 3321 qui
1448 3211 1653 3323 utrimque

340 3319 512 3416 adstant,
529 3312 644 3413 liberi
664 3344 708 3401 ac
735 3314 803 3409 filii
824 3320 915 3405 sunt
937 3324 1080 3421 nostri,
1109 3322 1230 3432 seque
1248 3322 1321 3410 ribi
1341 3326 1502 3429 sistunt,
1530 3322 1650 3409 uiltu

340 3461 466 3546 atque
502 3430 643 3515 animis
671 3450 826 3537 patrem
850 3432 1085 3524 referentes,
1138 3441 1334 3553 Qorum
1362 3440 1482 3527 etiam
1513 3440 1650 3556 plures

340 3546 452 3641 haud
466 3540 595 3630 dubio
616 3540 907 3643 habuiieruus,
938 3548 1004 3631 nifi
1046 3549 1130 3639 hoc
1149 3552 1428 3661 inpedimenti
1448 3582 1495 3642 ex
1512 3552 1652 3639 aduer-

338 3669 382 3753 so
406 3660 605 3749 calumnia
635 3658 832 3744 iniecisset.
912 3662 1058 3747 Veniet
1088 3658 1265 3752 fortaiiis
1295 3666 1419 3773 horn,
1443 3697 1536 3755 cum
1560 3660 1653 3755 Gel—
1685 3739 1688 3743 .

330 3783 420 3869 riae
439 3775 619 3891 populus
643 3770 727 3858 hoc
749 3776 943 3861 nostrum
955 3774 1180 3888 deplorabir
1201 3779 1448 3881 diuortium,
1468 3780 1535 3868 vbi
1558 3780 1593 3867 se
1610 3782 1652 3865 in

340 3895 481 3983 nostro
501 3885 655 3976 videbit
680 3888 870 4003 sanguine
892 3890 1075 3979 deficere.
1160 3892 1328 4010 Qubus
1351 3900 1516 4008 acceptis
1532 3957 1546 3995 ‚
1562 3894 1652 3981 Rei·

339 4004 483 4097 naidus
507 4009 620 4104 Dux,
641 4030 735 4089 cum
761 4000 1097 4098 animaduertitur
1113 4014 1331 4131 coniugem
1355 4015 1464 4102 suam
1477 4012 1653 4102 Eleono
1707 4101 1712 4110 ,

383 4240 433 4333 (2)
454 4240 537 4329 Hiss.
561 4234 716 4313 Geinlr'b.
732 4244 806 4313 γη,
818 4260 857 4337 p,
873 4258 954 4323 ,42⁸
1563 4147 1651 4219 iam
