3759 4784
134 295 136 304 ,
288 285 366 366 ,35
616 271 692 368 cp.
708 263 776 346 ru.
809 270 948 395 nnn.
968 199 1124 392 menie
1135 223 1301 368 unsrun

288 437 452 539 erimina
477 439 545 556 ipsi
571 433 904 551 imputabantur„
944 457 1089 549 vtpote
1110 435 1163 524 de
1186 438 1337 526 incestu
1350 451 1392 524 et
1414 425 1609 532 Sodomia
1643 437 1651 448 ’

291 591 386 654 cum
401 557 521 642 fratre
538 581 735 668 germano
751 573 872 662 atque
885 549 1065 639 insecuto
1085 549 1234 638 abortu
1252 555 1348 661 (i),-
1386 549 1489 642 dum
1505 548 1610 652 vero,

293 675 430 764 omnia
441 669 686 786 denegaret,
713 663 860 751 iudicio
874 663 1309 755 laicorumeteonsultu
1322 667 1606 782 episcoporum

187 868 194 890 .,
292 820 389 880 eum
412 789 533 898 ipfius
557 783 684 894 Regis,
703 781 889 866 consensu
904 781 1073 866 vicarius
1090 778 1278 868 eiusdem
1291 781 1465 868 feminae
1482 785 1531 870 ad
1546 789 1621 880 iu-,

293 907 441 993 dicium
465 925 590 1011 aquae
607 897 803 982 feruentis
821 895 936 992 exiit,
989 918 1030 980 et
1047 899 1134 1005 post
1163 921 1259 982 uam
1274 895 1457 984 incouus
1475 896 1607 986 fuerat
1629 970 1635 985 .

292 1017 598 1134 ipse'repertus,
626 1007 766 1096 eadem
781 1005 930 1096 femina
945 1007 1111 1096 maritali
1181 1038 1259 1096 oro
1276 1033 1398 1122 atque
1411 1014 1604 1128 coniugio

294 1134 431 1248 regio,
452 1157 473 1212 a
494 1155 580 1240 quo
604 1124 779 1238 suspensa
796 1123 950 1221 fuerat,
963 1129 1019 1207 est
1032 1123 1316 1236 restituta(k).
1372 1129 1490 1212 Dum
1509 1155 1610 1214 vero

293 1245 513 1340 Lotharius
540 1245 674 1354 postea
689 1237 906 1348 exciperet,
942 1237 981 1322 le
1000 1236 1142 1324 falsum
1163 1237 1354 1324 iudicium
1363 1266 1440 1351 pro
1453 1240 1611 1328 verifica

293 1359 584 1454 examinatione
607 1353 834 1462 suscepilie,
860 1348 1155 1466 Thietbergam
1179 1353 1357 1468 legaliter
1379 1358 1464 1440 no'n
1489 1355 1604 1443 fuisse

285 1471 533 1573 iudicarim,
561 1495 635 1556 nec
657 1464 910 1581 ‚indulgentia
948 1466 1171 1578 principalis
1205 1467 1419 1552 sententiae
1450 1465 1613 1556 absolu-¹

293 1619 380 1684 tam
396 1590 489 1698 (l),
519 1580 726 1694 quosdam
747 1578 963 1693 Episcopos
989 1583 1030 1668 in
1053 1581 1140 1669 suas
1163 1602 1296 1694 partes
1311 1577 1474 1668 trahere
1489 1613 1608 1670 cona.

248 1775 252 1784 ,
293 1705 427 1797 batur.
466 1699 686 1786 'Allenlum
718 1694 828 1782 facile
862 1693 1044 1807 praebuit
1077 1690 1359 1794 Guntharius‚
1403 1695 1607 1810 Archiepi-

291 1825 435 1933 scopus
466 1812 751 1910 ColonienfiS,
782 1809 883 1896 dum
901 1811 1156 1922 promitteret
1179 1809 1413 1911 LothariuS,
1435 1812 1607 1920 secius·

293 1939 389 2025 dem
417 1951 584 2042 neptem
614 1927 655 2010 in
682 1925 988 2008 matrimonium
1024 1927 1100 2010 else
1132 1946 1404 2033 accepturum.
1489 1929 1621 2028 Gunl

292 2050 478 2144 tharius,
505 2040 613 2128 idem
629 2057 672 2122 vt
693 2038 858 2144 faceret,
875 2035 1196 2152 Theotgandum
1225 2033 1607 2154 hominemsrmpli·

210 2214 218 2247 .·
294 2195 385 2254 cem
412 2157 609 2275 persuasit.
666 2155 787 2266 Tunc
811 2149 1030 2238 Lorharius
1060 2150 1306 2264 quibusdam
1337 2153 1631 2268 Archiepism-

294 2283 380 2398 pis,
396 2293 539 2390 vt'pote
556 2263 787 2374 Gunthario
810 2263 1116 2378 Archiepiscopo
1151 2265 1410 2374 Coloniensi,
1448 2269 1607 2360 Theot·
1638 2298 1642 2306 ·

295 2393 430 2510 gando
481 2383 788 2496 Archiepilcopo
843 2381 1099 2480 Treuirenfi,
1149 2378 1357 2468 Aduentio
1408 2386 1606 2489 Metensr,

295 2505 489 2614 Franconi
513 2497 718 2586 Leodiensr
744 2495 942 2610 Episcopis
966 2521 1045 2578 vna
1074 2521 1168 2580 cum
1184 2495 1304 2609 Hegll
1330 2519 1371 2584 et
1395 2497 1605 2621 Odelingo

294 2613 521 2710 Abbatibus
549 2613 702 2700 caulam
725 2608 944 2707 commisit,
973 2609 1044 2722 qui
1069 2610 1110 2704 in
1130 2609 1278 2696 Palatio
1293 2613 1605 2729 Aquisgranenfi

275 2729 585 2826 ¹conuenientes
625 2726 667 2808 in
702 2725 911 2808 veritatem
954 2723 1232 2834 inquirerent,
1281 2753 1418 2812 coram
1455 2731 1604 2842 quibus

293 2845 542 2960 Ihietberga
575 2863 701 2928 omne
738 2836 933 2925 seuerum
961 2860 1004 2924 et
1032 2836 1186 2930 fastum
1208 2837 1489 2956 ‹lourfuiffe
1509 2873 1605 2934 con·
1695 2899 1699 2905 ·
1758 2855 1769 2876 ⁸

411 3017 417 3026 -
825 2983 832 3002 ⁸
1151 2993 1154 2998 ·
1485 2960 1610 3049 ,fella

346 3251 404 3350 (i)
437 3261 676 3319 urucnauvs
693 3239 728 3310 in
741 3237 875 3334 Epislole
892 3237 941 3312 ed
958 3247 1057 3338 Reges
1070 3257 1101 3312 ee
1117 3239 1276 3336 Episcopus
1294 3239 1485 3335 chrisimos
1500 3241 1542 3316 de
1555 3245 1609 3318 di-

266 3401 272 3420 ,
306 3417 310 3429 ,
409 3353 514 3423 nertio
532 3339 678 3413 Loeberii
698 3359 728 3408 ee
745 3340 943 3437 Thieebeegee
959 3343 1062 3414 Tom.
1070 3343 1095 3413 1.
1117 3365 1196 3440 opp.
1217 3365 1250 3436 p.
1268 3353 1349 3428 568.
1377 3345 1463 3420 illud
1486 3350 1606 3420 exami-

409 3453 467 3524 nat
488 3463 520 3516 et
538 3441 678 3514 maxime
693 3438 848 3536 increpat,
864 3441 1003 3514 addensz
1026 3449 1114 3516 onr
1129 3441 1247 3514 mirei
1257 3446 1349 3536 Regis
1364 3447 1509 3518 Lorbeeii
1530 3452 1605 3545 pei·

307 3605 312 3616 .
408 3573 460 3622 nto
472 3543 599 3642 quidem
615 3558 760 3632 reputata
777 3542 839 3634 est,
861 3541 1045 3636 desuper,
1067 3544 1159 3637 quest
1165 3544 1275 3635 fratte
1287 3544 1365 3633 fieus
1383 3570 1453 3618 cum
1475 3571 1513 3616 en
1535 3572 1605 3619 ene.

402 3652 523 3746 seuline
541 3639 699 3714 concilim
714 3643 796 3709 inter
805 3641 933 3733 firmare
943 3646 958 3734 ,'
967 3645 1047 3736 fient
1055 3642 1157 3731 solent
1176 3643 1305 3732 masculi
1323 3649 1357 3715 in
1372 3647 1521 3739 masculos
1537 3669 1606 3720 rue·

404 3740 582 3847 piendinem
605 3744 739 3834 operari,
761 3741 861 3832 scelus
879 3745 981 3836 feeerit
997 3760 1144 3837 operetur
1166 3761 1197 3810 ee
1228 3741 1301 3812 inde
1330 3747 1400 3840 ipse
1428 3753 1606 3842 conceperit,

404 3866 594 3948 quapropter
611 3861 648 3911 ve
659 3841 805 3912 celaretur
815 3843 980 3938 flagirium
995 3863 1104 3938 petum
1120 3839 1222 3936 banse
1236 3864 1266 3914 ee
1273 3863 1405 3939 penum
1417 3847 1583 3930 aieeeiuit.
1628 3882 1632 3890 ·

340 3993 410 4089 (k)
439 3983 548 4061 Verba
567 3978 638 4052 suut
664 3973 977 4058 urncuanr'Td.
997 4006 1030 4079 p.
1043 3988 1125 4075 578.

344 4136 402 4230 (l)
425 4145 669 4202 urucuaavs
695 4141 728 4215 p.
741 4139 825 4210 574.
849 4113 929 4190 inde
951 4136 983 4186 er
996 4118 1119 4209 falstene
1134 4115 1285 4190 iudicium
1297 4117 1336 4212 st
1344 4121 1466 4219 stim
1474 4145 1537 4224 p„
1553 4151 1606 4202 n,
1679 4151 1684 4158 .

293 4294 298 4308 .
405 4231 494 4328 rifica
514 4226 743 4298 examinatione
760 4217 890 4316 suscepit
912 4235 943 4288 et
966 4218 1129 4298 tolerarit.
1383 4231 1388 4241 ·
