3759 4784
312 256 392 335 240
473 306 480 320 ,
614 234 767 337 Caplll.
792 232 911 309 tem.
946 226 1158 307 Dediutrte'is
1181 230 1370 349 illustrium⁸
1440 323 1446 339 Ι

317 404 547 522 praesertim
572 427 710 493 eontra
744 402 1029 517 imperatorios
1054 398 1106 488 de
1136 401 1379 489 successione
1407 398 1643 517 illegitimo«

317 546 414 612 mm
433 518 636 609 codicillos
661 520 867 635 protestati
887 518 982 603 sunt
1001 538 1041 601 et
1060 518 1136 631 ipsa
1164 514 1308 605 duellia
1330 516 1635 645 derelilialb),

491 656 498 668 ⁸
1433 673 1439 702 ¹
1598 658 1642 723 et

429 840 570 913 theutica
579 837 690 933 farma
704 830 926 927 enleileriseeit
933 831 1093 929 sequentis
1102 833 1228 902 teneris.
1238 860 1261 889 ·-
1277 875 1289 892 ·
1317 837 1394 903 Cam
1408 830 1529 929 infieper
1544 838 1654 909 etiam
1704 871 1709 877 ·

350 1002 355 1011 .
428 939 559 1015 dilellie
570 941 633 1031 fita
647 937 843 1007 bumilitttt
859 932 947 1003 nolit
961 936 1112 1030 petierit,
1134 952 1165 1001 rt
1181 938 1298 1029 etiqm,
1325 939 1404 1003 eirea
1423 938 1638 1029 fieeeesfianen

424 1045 563 1141 futurae
581 1038 684 1131 prolis
697 1038 733 1105 e'n
750 1034 985 1129 temporalibus,
1000 1030 1166 1127 regalibus,
1172 1030 1369 1125 feudalibus,
1377 1056 1408 1103 et
1418 1036 1492 1104 aliis
1509 1038 1637 1131 quilue.

331 1216 340 1223 ,
431 1166 553 1237 cunque
567 1138 731 1217 lenimus
743 1134 874 1223 ssmtlem
884 1128 1124 1202 declarationem
1143 1130 1393 1227 benigne'iaeere
1412 1132 1637 1231 dignaremur:

435 1250 508 1313 Nos
527 1260 625 1334 aeque
634 1256 664 1305 ec
676 1240 773 1327 iustae
786 1236 857 1304 huie
866 1236 1014 1327 petitioni
1029 1232 1188 1302 clementer
1210 1254 1390 1315 annuentes,
1411 1258 1464 1304 nee
1477 1257 1639 1331 nauprae-

435 1330 1640 1431 diminuitPontifieimscnttntiamabsoluturiamSunllitetissteaeagno·

429 1442 562 1536 stenem,
576 1434 764 1509 animabant
775 1431 955 1509 deliberato.
971 1456 1011 1503 tx
1028 1434 1254 1522 certascientia,
1263 1454 1292 1499 et
1303 1430 1342 1503 ele
1349 1436 1509 1527 poteslatis
1523 1438 1643 1527 nostrat

308 1590 319 1606 .
432 1532 629 1639 plenitudine
649 1531 880 1606 deelarauimus
893 1586 904 1618 ,
914 1552 1009 1627 prout
1022 1530 1103 1625 hifie
1123 1530 1334 1618 dederemus,
1363 1531 1496 1629 quoelfi
1513 1534 1636 1607 dileiiic

431 1643 495 1736 fita
509 1639 579 1711 atta
596 1639 755 1732 repetierit
775 1655 862 1720 reta,
876 1653 908 1704 et
922 1634 1180 1709 matrimonium,
1204 1634 1237 1701 in
1248 1635 1358 1723 ferma
1379 1637 1508 1727 concilii
1529 1640 1638 1705 Ponti·

431 1743 505 1838 ficii
517 1785 526 1823 ,
534 1741 706 1832 sententiat
727 1754 758 1805 et
774 1740 934 1822 Breuium,
949 1760 1019 1805 cum
1036 1734 1103 1804 tlt'a
1128 1734 1254 1827 coniuge
1263 1734 1380 1825 sutura
1399 1744 1591 1804 contraxerit
1609 1756 1640 1807 tt

330 1884 335 1893 ·
439 1867 478 1915 tet
491 1842 549 1911 bae
564 1840 667 1931 proles
681 1839 907 1929 mocreauerit,
921 1832 1010 1927 quad
1029 1828 1210 1901 huiusmodi
1225 1835 1340 1925 proles,
1350 1856 1445 1925 prout
1460 1834 1576 1933 absque
1589 1834 1642 1905 di·

433 1940 636 2035 spenfiatiune,
657 1938 741 2003 omni
754 1938 844 2017 iure,
863 1932 972 2002 diuina
987 1950 1017 2001 et
1038 1932 1203 2014 canonico,
1226 1955 1316 2003 uerae
1337 1953 1367 2003 tt
1385 1934 1541 2030 legitimae
1551 1938 1642 2027 fient,

330 2072 335 2080 ·
440 2062 533 2119 retae
544 2057 575 2107 et
589 2036 747 2130 legitimae
762 2051 863 2116 erunt,
878 2054 977 2125 neque
993 2029 1094 2100 ulum
1100 2028 1354 2125 impedimentum
1371 2041 1444 2116 erit,
1462 2058 1523 2130 quo
1538 2040 1642 2105 minus

334 2193 345 2205 .
441 2142 581 2211 omnium
590 2134 812 2228 suecespionum
825 2130 945 2201 belilee
956 2134 1041 2225 fint,
1068 2134 1102 2201 t'n
1120 2132 1261 2201 omnibus
1284 2134 1448 2227 Regalelus
1473 2136 1643 2207 maioribus

331 2278 338 2318 ;
430 2238 556 2315 feudis
575 2238 716 2330 imperii,
740 2229 946 2305 Alledielelus
962 2231 1202 2325 Fideicommeffa
1222 2232 1341 2327 affeliie
1362 2254 1396 2323 tt
1411 2234 1640 2331 quibuscunque

338 2378 344 2409 ι
383 2335 389 2353 ’
441 2343 544 2423 bonis,
559 2340 632 2419 deut
657 2335 901 2429 aliaquaelilet
923 2336 1103 2427 Principum
1127 2352 1158 2399 et
1180 2340 1328 2403 Statuam
1357 2338 1487 2427 imperii,
1502 2337 1642 2429 legitima

332 2513 336 2523 ,
435 2442 544 2536 proles.
555 2436 708 2523 succedit,
724 2436 879 2518 succedere
890 2434 1009 2525 posstut
1027 2452 1057 2500 ct
1074 2428 1233 2523 ueceffario
1246 2428 1460 2505 admittendae
1464 2436 1529 2529 stret
1538 2442 1571 2505 in
1574 2441 1643 2531 fiec-

334 2572 344 2626 ς
442 2536 620 2632 cessionibus
644 2540 717 2604 &a
737 2540 765 2601 l.
782 2535 1029 2624 Principatuum‚
1039 2534 1252 2617 comitatuum,
1262 2533 1459 2631 aliarumque
1473 2536 1644 2621 dationum,

441 2661 524 2735 quae
533 2637 596 2725 stet
611 2632 734 2703 dilaliio
745 2652 805 2721 pro
822 2654 902 2699 nunc
909 2629 1041 2723 porfidet
1056 2650 1085 2701 et
1092 2631 1219 2726 pcsslrac
1233 2636 1392 2729 acquirere
1401 2641 1645 2730 peterinsecun·

442 2734 522 2808 hm
536 2754 674 2805 tenorem
694 2750 724 2798 et
739 2732 864 2799 literam
878 2732 1159 2821 incestiturarum,
1179 2732 1304 2825 exclufis
1318 2734 1543 2807 cedateralilus
1568 2741 1645 2833 qui-

335 2894 341 2904 .
400 2866 404 2876 ·
442 2826 630 2929 luemque,
650 2828 741 2912 donee
754 2854 794 2899 ax
810 2830 894 2899 linea
910 2826 1110 2900 aseendente
1122 2832 1291 2921 masculina
1299 2836 1380 2924 fiete
1394 2834 1566 2907 dileilianis
1567 2859 1645 2933 pro.

331 2980 345 2997 0
413 2941 492 3030 cieo
517 2933 650 3030 uparpies
667 2932 748 3011 trit,
758 2949 858 3023 prout
876 2948 967 3001 tenor
982 2930 1101 3020 nostrae
1121 2932 1318 3029 tnusstteeeae
1334 2954 1365 3003 et
1381 2930 1646 3031 primogeniturae
1747 2959 1757 2968 ·

379 3056 386 3085 ¹
407 3092 414 3110 ,
443 3036 723 3133 Megapolittnae,
739 3033 774 3100 in
793 3029 896 3100 litert's
907 3029 1165 3121 c'uucstiturarum
1184 3055 1205 3099 a
1229 3030 1317 3101 nolis
1341 3032 1563 3125 confirmatae,
1582 3040 1644 3133 ipsc

423 3143 512 3209 -iuna
528 3154 559 3207 et
575 3134 694 3229 absque
709 3130 770 3202 ltac
791 3130 1001 3203 declaratione
1015 3130 1119 3223 nostra
1133 3130 1262 3225 plenum
1283 3152 1314 3203 et
1338 3132 1552 3217 indubitatum
1572 3140 1646 3237 effe-¹

440 3242 529 3307 ilum
546 3233 661 3303 lraltrc
680 3231 813 3315 uitae,
839 3230 957 3302 harum
973 3230 1075 3327 trigone
1094 3232 1256 3303 literarum
1272 3253 1327 3307 etc.

383 3380 455 3480 (b)
482 3370 614 3446 Verbis:
630 3378 699 3442 Nos
712 3374 898 3441 DeiGratia
910 3372 1065 3467 Gussauus
1079 3366 1251 3467 aldulphus,
1264 3372 1585 3475 DuxMeellenlutgi,
1604 3418 1619 3435 ·
1631 3420 1648 3439 ·
1667 3439 1685 3451 .

447 3472 790 3569 man'qi‘stumfacimus
802 3473 905 3563 rigere
910 3472 1133 3563 praesentium,
1160 3475 1268 3540 rniuer
1278 3498 1304 3541 ts
1319 3476 1495 3571 ersingulis,
1512 3474 1644 3570 adquae

328 3601 334 3611 ·
447 3580 589 3650 hatc'rec
598 3569 762 3665 spoliabit,
777 3572 926 3665 inprimis
937 3589 1009 3638 reru
1030 3606 1045 3621 ·
1070 3610 1084 3625 ·
1105 3575 1242 3640 Domino
1254 3572 1438 3667 Christiana,
1450 3584 1530 3647 Duci
1543 3578 1646 3646 Meck·

448 3675 599 3769 lenburgi,
625 3710 638 3725 ·
663 3716 675 3733 .
705 3670 793 3739 nelis
805 3670 963 3764 ssngulari
982 3660 1084 3737 animi
1107 3674 1307 3743 commotione
1324 3694 1421 3768 nuper
1431 3678 1564 3747 relatum
1574 3677 1647 3771 effi:

415 3774 420 3784 '
448 3774 536 3874 quoel
550 3774 672 3842 dile'liie
682 3776 740 3861 fisa
757 3775 1005 3851 matrimonium,
1017 3768 1106 3866 quod
1119 3793 1190 3840 cum
1204 3810 1249 3827 -·
1282 3778 1423 3847 Domina
1436 3778 1649 3875 Margaretba

451 3874 641 3968 christiana,
662 3876 772 3940 Serere
784 3872 887 3954 neira
904 3868 1030 3958 diletis,
1051 3874 1084 3939 in
1104 3873 1258 3967 censpcc'iu
1269 3877 1340 3943 ‘Dei
1358 3900 1396 3945 ae
1403 3878 1491 3969 facit
1511 3878 1647 3971 ecelefiaa

337 4048 349 4065 ,
447 3979 618 4056 contraxit,
630 3992 687 4064 per
707 3966 885 4042 diuortium
901 3970 1070 4066 distrahere
1081 3974 1293 4065 ac=Deeciffam
1305 3973 1345 4043 ele
1365 3966 1525 4048 ¹Cloatillun
1540 3978 1651 4073 stepen.

447 4071 591 4148 inducere
600 4070 793 4169 praesumat.
846 4078 924 4143 cum
940 4094 1011 4145 reto
1025 4078 1262 4147 matrimonium
1271 4076 1365 4170 prius
1381 4080 1445 4148 rita
1456 4083 1652 4151 contradunt

1487 4208 1493 4216 ·
1580 4180 1658 4279 tege·-
1769 4263 1774 4269 Ι
