3759 4784
147 326 151 335 ·
278 209 282 219 '
323 267 399 356 226
625 270 777 371 eamr.
801 237 926 372 ΜῙ.
951 247 1163 347 bedmrlls'e
1179 269 1344 367 idedeina

182 527 186 536 ,
328 438 504 557 proinde
526 438 571 529 in
586 439 710 527 catrsu
729 465 901 553 quoque
931 429 1096 525 diumtii
1125 438 1362 551 sequuntur.
1415 440 1644 557 Euangelici

328 556 610 655 vetojsummo
622 554 846 693 gaudentes
860 553 1132 667 imperitante
1143 548 1378 663 pontificem
1396 580 1469 640 nec
1478 544 1641 643 alterius

300 674 604 783 'cuiuscunque
624 698 712 757 tura
732 668 993 783 agnoscentes
1008 666 1099 754 solis
1121 662 1284 754 subsunt
1312 690 1477 755 naturae
1504 692 1544 756 et
1565 670 1642 755 Dei

327 786 508 899 posrtiuis
525 781 697 898 legibus.
756 780 908 869 Eadem
921 810 1095 895 quoquc
1111 782 1265 869 inuritu
1289 772 1465 885 statuum
1486 784 1650 918 imperii·

326 900 466 987 locum
488 894 653 984 habene
708 894 914 985 Pontificis
934 898 1049 997 enim
1074 896 1260 1009 religioni
1290 894 1435 983 additu
1462 897 1511 983 ad
1544 900 1640 985 ruris
1698 916 1702 923 '

205 1103 209 1111 ,
325 1012 503 1101 canonici
521 1011 788 1105 diiudicantut
811 1030 1032 1121 praecepta,
1049 1010 1149 1097 dum
1167 1010 1411 1097 econtratio
1427 1012 1644 1125 euangelici

278 1195 281 1206 .
313 1130 448 1213 ,status
480 1125 532 1211 ad
546 1122 746 1238 pontificia
760 1123 849 1209 iura
875 1124 922 1209 ia
944 1125 1066 1209 causu
1092 1120 1346 1229 ecclesiasticis
1370 1152 1458 1209 non
1480 1124 1639 1211 adstrin·

325 1263 504 1359 guntur,
523 1239 588 1325 scd
603 1237 692 1325 solis
715 1260 880 1322 naturae
904 1260 946 1322 et
974 1236 1127 1327 tradatis
1149 1239 1190 1323 in
1218 1238 1317 1323 sacta
1338 1236 1526 1349 scriptura
1547 1240 1659 1336 iuri,

325 1357 406 1443 bus
428 1376 603 1439 veantur.
674 1349 780 1437 Hinc
797 1351 919 1437 nobis
933 1353 1069 1463 primo
1090 1348 1400 1437 examinandum
1415 1354 1516 1449 erit,
1541 1380 1643 1465 quae

324 1491 490 1556 naturae
509 1468 595 1552 iura
609 1466 706 1552 drea
726 1460 898 1549 riiuortia
921 1461 1174 1579 praecipiant,
1190 1462 1334 1549 deinde
1346 1488 1449 1577 quae
1467 1466 1642 1553 iuraDei

324 1582 496 1699 posrtiua
512 1582 782 1674 constituant,
810 1573 1058 1691 tandemque
1081 1574 1323 1690 pontificum
1347 1580 1443 1665 circa
1469 1578 1642 1669 diuortia

297 1718 307 1773 ,·
326 1694 466 1785 tradita
483 1718 607 1793 erunt
624 1688 918 1781 confidermda
971 1693 1155 1779 Romana
1169 1718 1267 1778 vero
1288 1690 1430 1781 lucain
1446 1692 1643 1783 diuortio·

324 1838 420 1899 rum
435 1809 618 1895 dolirina
635 1826 707 1895 aut
733 1804 884 1895 ntrllius
900 1806 1018 1918 plane
1034 1828 1105 1895 aut
1128 1833 1216 1897 non
1231 1804 1455 1898 admodum
1471 1836 1642 1927 magnae

325 1924 420 2013 sunt
440 1923 655 2046 vtilitatio
1012 2034 1051 2120 n

442 2148 575 2262 Qrod
594 2144 643 2233 ad
665 2169 832 2237 natiuae
851 2148 941 2233 iura
960 2151 1126 2247 attinet,
1155 2178 1242 2239 non
1268 2148 1443 2265 persedit
1459 2148 1642 2261 quidem

236 2294 242 2314 „
324 2266 437 2383 lege,
464 2270 519 2351 ast
533 2263 699 2351 stimulis
721 2291 743 2349 a
763 2268 858 2351 Deo
879 2257 952 2347 fibi
973 2263 1215 2375 implantatis
1243 2262 1433 2356 homines
1457 2260 1639 2353 adlabo-

324 2380 377 2466 lis
402 2380 725 2492 procreationem
762 2375 1028 2489 eiusdemque
1058 2376 1350 2465 'educationem
1395 2379 1639 2495 obligantur.

324 2496 385 2581 Vt
410 2492 528 2579 hosce
555 2486 764 2578 obtineant
778 2488 897 2589 fines,
910 2491 1026 2575 sexus
1048 2492 1236 2601 personae
1254 2492 1397 2583 diuerfi
1413 2496 1639 2581 societatem

323 2604 611 2721 ingrediuntur
633 2604 900 2719 coniugalem,
925 2605 967 2689 in
984 2631 1065 2714 qua
1079 2606 1302 2696 coniunctis
1323 2606 1475 2695 viribus
1492 2626 1533 2691 et
1549 2632 1642 2716 pro·

325 2720 572 2807 creationem
589 2740 631 2804 et
647 2716 931 2806 educationem
944 2716 1091 2805 sobolis
1106 2746 1259 2823 curate,
1274 2724 1446 2835 pauore
1466 2722 1640 2811 inuicem

327 2830 599 2947 obstringunt.
1000 2946 1059 3034 m
1442 2838 1474 2854 ''
1548 2852 1572 2871 ·’
1598 2848 1618 2871 ··

445 3060 535 3173 Qai
558 3059 809 3150 matrimonii
822 3062 964 3149 ineunt
988 3062 1236 3162 societatem,
1271 3060 1341 3149 libi
1368 3060 1643 3179 fines-propo·

285 3213 289 3217 ’
326 3198 454 3274 nunt,
473 3177 792 3287 procreationem
815 3198 857 3263 et
882 3174 1164 3265 educationem
1193 3172 1341 3263 sobolis
1368 3185 1433 3287 (§.
1450 3184 1519 3289 2.)
1577 3182 1643 3270 Itl-
1723 3208 1734 3215 ·

299 3296 306 3303 ’
329 3291 560 3407 gredientes
575 3290 802 3375 societatem
818 3352 830 3390 ,
846 3290 949 3375 dum
965 3286 1082 3375 hosce
1098 3288 1284 3405 obtinere
1307 3289 1410 3392 fines
1432 3290 1548 3379 haud.
1564 3310 1634 3382 cu·

327 3410 458 3518 piunt,
468 3404 581 3487 aliam
598 3402 737 3511 potius
754 3428 799 3492 ac
812 3402 1147 3491 matrimonialem
1165 3404 1390 3493 societatem
1405 3404 1633 3498 artemone

157 3566 176 3612 ·.
236 3523 241 3532 '
317 3523 434 3606 ‘Hinc
455 3516 613 3602 elientla
628 3518 810 3631 coniugii
823 3518 973 3632 exigit,
996 3540 1040 3603 vt
1060 3518 1284 3630 procreatio
1300 3541 1342 3606 et
1364 3518 1670 3611 educatiolo.
1747 3546 1752 3557 ·

119 4170 125 4177 .
258 4204 261 4207 ᾗ
326 4114 412 4180 tem
426 4088 590 4205 ingressr
608 4088 863 4205 coniugalem
876 4085 1101 4183 iberorum
1118 4086 1276 4181 studere
1293 4087 1521 4183 educationi
1535 4084 1638 4177 obli-

325 3630 432 3721 bolis
452 3629 695 3717 intendente.
986 3698 1058 3831 Ν

317 3892 320 3897 ·
439 3862 539 3946 Non
565 3748 1013 3960 momentaneumbsed
1040 3806 1284 3969 permultos
1315 3887 1445 3949 annos
1472 3858 1637 3949 durana-
1725 3868 1730 3873 ’

326 4002 422 4063 rum
437 3974 651 4088 negotium
675 3970 901 4065 liberorum
926 3978 981 4058 est
996 3973 1191 4061 educatio.
1245 3976 1371 4074 Hinc,
1387 3977 1457 4088 qui
1477 3978 1636 4062 societa-

1540 4228 1637 4323 gan-
