3759 4784
318 295 367 376 72
643 275 718 382 Gap.
735 271 783 348 tl.
817 267 1039 345 banniarum
1056 253 1101 344 'sl
1124 267 1302 398 ilustriltss.

320 444 511 558 confflem
520 441 719 548 securitati
734 437 826 540 iusta
843 437 986 522 ultione.
1035 443 1088 522 Et
1107 440 1254 524 modicis
1276 425 1466 548 remediis,
1494 445 1633 547 primns

319 587 439 646 snum,
455 554 645 662 confidisse.
713 551 804 654 Vtfi
820 549 999 665 desperent
1013 581 1161 637 onorem
1180 556 1430 663 Neronisso're
1442 558 1632 645 Oliauinm

273 727 281 738 .
321 679 378 762 illi
402 677 574 758 maritum
592 665 749 748 daturos.
814 671 948 748 Varius
948 667 1091 770 sermo,
1109 689 1148 747 et
1161 665 1215 750 ad
1232 693 1361 752 onerum
1383 696 1421 752 ct
1449 678 1546 755 iram
1568 705 1631 758 ac·

320 783 566 882 commodatus,
582 785 719 862 terruit
735 776 846 880 ⁸sirnnl
868 776 1068 862 audientem
1090 804 1127 860 et
1152 779 1322 864 accendit.
1400 781 1470 868 Scd
1492 807 1634 897 ,menon

323 900 467 991 oalelrat
480 897 640 1010 suspicio
658 892 838 998 instruo,
862 915 898 974 et
929 889 1188 1007 quaestionibus
1216 895 1429 978 ancillarum
1467 899 1629 1007 eluserat.
1678 938 1682 948 =

324 1025 423 1134 Erga
454 1007 694 1113 coryesstonem
728 1004 884 1088 alicuius
928 1009 1060 1123 quaeri
1085 1006 1226 1120 placat,
1262 1014 1321 1091 cui
1350 1035 1472 1095 rerum
1497 1039 1632 1130 quoqne

322 1155 494 1217 nonarum
514 1128 650 1205 crimen
664 1115 920 1235 arffirpperetnr.
974 1125 1023 1206 Et
1038 1123 1135 1226 visus
1156 1119 1299 1206 idonens
1331 1148 1515 1208 maternae
1536 1131 1632 1208 rucis
1690 1151 1697 1169 ’

261 1329 288 1344 ,,
316 1266 493 1365 patrator
522 1232 705 1336 Λυκίδαν,
743 1233 847 1334 clasſs
865 1263 890 1314 a
913 1228 964 1315 ud
991 1235 1186 1338 Misenum,
1215 1261 1256 1321 ot
1284 1245 1496 1342 memorasti,
1518 1261 1632 1354 prae·

319 1356 463 1465 fidus,
487 1351 557 1434 leni
575 1346 652 1463 posi
667 1344 848 1454 odmiffitm
881 1346 1148 1461 ermogenem,
1182 1346 1306 1431 deinde
1319 1357 1502 1466 grauiore
1528 1349 1632 1436 odio:
1693 1343 1700 1353 ⁴

323 1476 410 1588 quia
426 1465 598 1552 malorum
608 1458 1001 1565 fhriuornmminsslri
1023 1460 1126 1575 quast
1147 1459 1409 1576 exprobrantes
1429 1461 1634 1579 adspiciun·
1680 1472 1691 1506 *

323 1613 398 1674 rur.
455 1584 573 1695 igitar
596 1580 748 1657 accitum
771 1600 849 1655 eum
875 1574 1009 1676 Caesar
1028 1595 1157 1686 operae
1170 1582 1311 1686 prioris
1339 1574 1502 1662 admonet
1524 1579 1634 1675 silum

324 1694 563 1803 incolumitati
595 1692 780 1800 Principis
806 1685 974 1791 aduersus
994 1686 1216 1789 irostdiantem
1242 1716 1394 1772 ntatrem
1411 1687 1633 1799 subuensffe:

259 1813 273 1820 ’
320 1813 432 1899 locum
453 1801 549 1906 laud
567 1806 879 1916 minorisgratiat
904 1797 1057 1902 inflare,
1068 1803 1110 1904 st
1121 1809 1304 1916 coniugem
1320 1808 1494 1907 injenscm
1519 1804 1634 1920 depol-⁴

267 1957 272 1968 ·
324 1921 436 2024 leret,
461 1947 522 2003 nec
537 1944 642 1998 manu
658 1938 721 1997 aut
737 1913 805 1994 telo
832 1937 928 2028 opus.
981 1918 1174 1998 fateretur
1207 1916 1381 2000 Ollaniae
1399 1916 1635 2004 ’adulterium

325 2035 470 2123 Occulta
484 2029 626 2150 quidem
641 2025 887 2142 adpraesens,
895 2023 969 2134 sed
984 2054 1116 2146 inagna
1144 2035 1181 2109 ei
1204 2037 1413 2144 praemia,n
1432 2056 1471 2114 et
1484 2033 1637 2140 scccfflts

323 2179 483 2238 atnoenos
507 2147 717 2262 praemittite
745 2138 805 2226 ool
812 2141 854 2244 ſs
867 2144 1071 2256 neganifflt‚
1086 2169 1203 2225 necem
1224 2149 1392 2227 intentat.
1447 2145 1510 2242 [lle
1525 2145 1633 2250 insta

219 2321 229 2332 „
321 2257 506 2364 vecordia,
527 2254 764 2362 etfacilitate
782 2260 948 2371 priorum
972 2254 1220 2370 flagitiosior,
1233 2257 1345 2371 plura
1379 2267 1491 2345 etiam
1524 2287 1633 2376 qnam
1724 2311 1729 2318 ι

323 2380 448 2488 inffim
465 2399 545 2458 erat
557 2438 569 2477 ‚
575 2369 692 2485 fingit
704 2429 716 2471 ‚
724 2376 945 2483 fisteturque
966 2367 1065 2482 apud
1081 2374 1235 2474 amicos,
1257 2397 1344 2488 qnos
1360 2373 1470 2456 oelnt
1486 2373 1634 2472 ,confilio

278 2511 285 2522 ‘
322 2489 534 2578 adhibuerat
551 2491 734 2596 Princeps.
793 2487 881 2564 Tum
905 2488 945 2561 in
963 2481 1169 2564 Sardiniam
1187 2485 1349 2600 pellitur,
1360 2482 1422 2570 obi·
1445 2515 1511 2584 ison
1530 2491 1659 2600 inopes

324 2604 483 2708 enfilinm
512 2597 693 2699 tolerarit,
721 2616 757 2676 et
768 2597 859 2695 fam
881 2589 981 2676 abiit.
1032 2599 1086 2677 At
1106 2602 1208 2679 Nero
1219 2597 1445 2712 praesorium
1472 2599 1633 2712 in'spetn

310 2711 507 2829 sociandae
523 2711 641 2813 classts
656 2730 882 2822 corruptum,
911 2731 949 2789 et
963 2706 1166 2820 inculpatae
1177 2711 1300 2824 paullo
1321 2736 1407 2793 ante
1418 2711 1634 2814 sterilitatis

325 2830 454 2918 oblitus
479 2823 622 2908 adallos
643 2843 779 2936 partus
803 2819 1017 2925 conscientia
1036 2817 1250 2926 libidinum,
1266 2853 1310 2907 ea
1332 2821 1454 2930 uefilri
1478 2849 1635 2940 comper-

323 2938 730 3046 incriminarunt.
810 2933 996 3051 tnstslnque
1021 2931 1246 3019 Pandateria
1260 2851 1462 3025 ,Ollauinm
1491 2937 1635 3022 clandit.
1730 3008 1740 3020 .

326 3069 410 3148 Non
425 3058 503 3142 alia
523 3051 611 3138 exul
629 3049 817 3153 orfi’rtcium
834 3046 949 3131 oculos
970 3053 1105 3131 maiore
1128 3051 1372 3156 misericordia
1385 3051 1532 3155 adfecit.
1552 3059 1636 3135 Me·
1716 3059 1720 3064 ’

324 3181 504 3260 minorant
521 3165 634 3252 addite
656 3161 801 3253 auidam
820 3167 1070 3280 Agrippinae,
1086 3191 1111 3243 a
1134 3159 1300 3257 Tiberias
1325 3174 1504 3249 recentior
1523 3165 1636 3248 Iuliae
1671 3227 1694 3242 .

326 3290 497 3374 meritoria
509 3256 783 3386 aduersariam,
799 3304 824 3357 a
842 3273 988 3358 Clarsdio
999 3276 1135 3390 pufflsm
1156 3353 1159 3359 .
1190 3277 1260 3362 Sed
1281 3281 1355 3376 illis
1369 3276 1480 3362 robur
1500 3285 1636 3361 aetatis

324 3401 512 3504 adficeret.
566 3397 682 3478 laeta
702 3389 826 3505 aliqua
844 3386 1011 3470 viderant
1022 3455 1037 3493 ,
1057 3415 1093 3472 et
1108 3394 1335 3584 praesentem
1344 3394 1544 3498 saeuitiam
1565 3403 1637 3474 nte·
1667 3391 1679 3412 ²

324 3517 429 3603 liaris
452 3513 535 3596 olim
559 3510 743 3607 fortunae
763 3500 1006 3584 recordatione
1029 3503 1108 3582 lena
1129 3527 1207 3586 ant.
1289 3512 1388 3588 Huic
1402 3515 1547 3620 primns
1570 3512 1634 3588 riu-

323 3635 486 3747 ptiarnm
500 3620 578 3707 dies
602 3623 672 3706 loca
685 3617 944 3722 fimetisfcrit,
966 3614 1133 3701 dednc‘lar
1162 3623 1202 3697 in
1215 3615 1381 3723 ‘dornrmn
1399 3627 1437 3700 in
1458 3649 1529 3738 qna
1546 3616 1642 3702 nibil

241 3813 244 3819 ,
325 3744 395 3846 nist
405 3737 592 3844 lullnofitm
608 3730 767 3834 haberet,
781 3751 905 3924 cryso
918 3749 987 3842 per
1002 3757 1168 3812 venenum
1180 3749 1302 3844 patre,
1317 3757 1352 3813 et
1358 3733 1636 3835 slatimsrntre.
1750 3735 1759 3749 '

219 3903 223 3912 ·
331 3862 420 3941 Tum
445 3850 576 3939 ansilla
589 3845 730 3930 domina
748 3842 825 3929 oali
846 3849 914 3924 iar.
971 3848 1022 3927 Et
1036 3849 1203 3958 Poppaea
1226 3873 1292 3927 nan
1309 3850 1378 3951 nist
1387 3854 1427 3929 in
1435 3853 1636 3962 perniciem

327 3974 454 4055 oxoris
475 3988 598 4079 nupta
657 3958 831 4061 Postremo
852 3964 987 4039 crimen
1015 3962 1110 4040 nonni
1127 3963 1417 4075 exitiograuins.
1468 3964 1523 4042 Ac
1534 3959 1637 4074 puelf

305 4081 540 4186 lnos'cestma
553 4083 689 4178 aetatis
701 4103 819 4176 aneto,
833 4077 939 4180 inter
963 4078 1183 4156 centuriones
1204 4097 1240 4155 et
1252 4074 1420 4180 inillis&
1439 4076 1645 4191 praesagio·
1669 4063 1686 4073 ’

790 4224 792 4234 .
1560 4217 1639 4273 ,Μ-
1718 4225 1722 4232 ,
