3759 4784
318 293 394 378 ³2⁶
642 285 716 384 Cap.
733 285 796 358 sss.
810 283 889 354 Sed.
914 279 960 354 11.
989 277 1141 356 odonia
1155 277 1319 378 lustriae

321 451 485 540 soueret
506 467 644 536 contra
667 447 885 536 fallionem
904 449 1193 548 Ottonianam‚
1214 450 1277 535 cui
1300 441 1515 538 Bohcmus
1547 471 1632 542 etat

322 563 634 682 addidicimus:
662 563 769 650 vnde
796 565 1031 680 Ottogarus
1050 565 1155 678 quast
1186 565 1424 676 Ottischgat
1448 569 1635 654 nomina·

321 701 419 778 tus,
452 701 497 764 vt
520 675 627 764 idem
656 676 784 764 scribit
806 704 1103 770 nvnrtavrvs.
1157 679 1260 764 Hinc
1276 679 1520 766 Premislaus
1541 709 1632 768 cau·

266 791 272 803 '
318 791 471 880 samad
498 791 736 907 Pragensem
761 791 999 904 Episcopum
1023 791 1194 892 detulit,
1219 819 1364 878 verum
1388 793 1567 907 Regina,
1587 817 1634 884 vt

317 909 495 994 rationes
510 905 596 992 suas
611 927 912 1019 proponeret,a
932 905 1158 992 satellitibus
1176 907 1391 992 memorati
1421 909 1529 1023 regis
1553 907 1632 996 suit

315 1018 545 1136 prohibita,
578 1022 648 1134 qui
673 1023 720 1106 A.
743 1021 903 1108 MCCI.
942 1019 1106 1106 diuortii
1136 1021 1368 1107 sententiam
1398 1022 1631 1138 promulga-

314 1137 405 1235 uit,
433 1163 455 1220 a
479 1161 559 1248 qua
582 1136 735 1248 Regina
758 1133 849 1220 fecit
865 1162 937 1248 per
953 1136 1071 1220 suurn
1087 1133 1333 1246 capellanum
1354 1135 1458 1221 intra
1488 1137 1631 1226 decen-

315 1250 432 1364 dium
465 1249 670 1362 appellari,
716 1247 864 1334 eodern
908 1275 1006 1362 rege
1043 1245 1333 1360 superducente
1368 1249 1632 1361 postmodum

313 1363 604 1458 Constantiam,
629 1361 744 1448 Belae
762 1363 833 1447 Ill.
854 1363 1083 1476 Vngariae,
1105 1360 1169 1448 vel
1186 1383 1229 1447 vt
1253 1363 1314 1446 alii
1336 1363 1508 1465 malunt,
1533 1367 1628 1452 Bul-

254 1557 261 1566 .
313 1478 443 1592 garine
459 1479 566 1590 regie
589 1475 709 1566 filiam
734 1481 827 1588 (q).
886 1477 1150 1563 Innocentius
1176 1476 1188 1560 i
1219 1477 1300 1562 itur
1314 1477 1382 1562 Ill.
1412 1481 1536 1592 Papa,
1555 1481 1627 1592 qui

311 1593 394 1684 hoc
416 1589 566 1678 sallum
582 1589 653 1678 sub
681 1591 842 1678 initium
870 1591 1037 1678 minime
1060 1505 1307 1702 tripodabat
1329 1595 1407 1702 (r),
1464 1597 1555 1706 post
1569 1593 1625 1683 di·

311 1707 441 1794 uersas
471 1706 619 1792 litteras
639 1707 754 1817 super
774 1703 925 1792 eodem
964 1705 1134 1820 negorio
1162 1705 1420 1816 impetratas,
1460 1704 1626 1795 Halber-

239 1905 248 1916 ,
307 1819 484 1912 stadienst
509 1843 550 1906 et
579 1817 890 1932 Hauclbergensr
913 1819 1111 1930 Episcopis
1138 1841 1259 1930 atque
1275 1815 1408 1905 abbati
1433 1819 1485 1906 de
1498 1821 1625 1908 Porca

308 1933 417 2022 dedit
439 1935 479 2018 in
502 1929 713 2030 mandatis,
736 1955 780 2016 vt
796 1933 1046 2043 inquirerent
1074 1929 1304 2130 dilipbentius
1339 1932 1381 2018 in
1413 1935 1622 2023 veritatem

305 2073 427 2162 atque
449 2045 498 2131 ad
515 2049 664 2160 Papam
693 2042 900 2132 referrent.
971 2043 1155 2132 Produce
1186 2070 1304 2131 antur
1330 2051 1463 2147 testes,
1483 2047 1623 2135 iidem-

304 2192 385 2278 que
409 2161 685 2248 testimomlun
707 2157 901 2248 dicebant.
956 2163 1114 2270 Verum
1140 2187 1234 2244 cum
1262 2163 1476 2273 vtriusque
1498 2166 1621 2275 partis

303 2300 589 2392 procuratores
616 2279 771 2363 Romae
788 2302 924 2362 coram
942 2277 1080 2372 Petro,
1099 2275 1428 2378 SandiMatcelli
1445 2274 1619 2390 Presby-

302 2415 392 2480 tero
417 2389 654 2488 Cardinale,
694 2417 818 2502 quem
850 2389 940 2500 ipsis
964 2389 1070 2500 Papa
1099 2387 1262 2476 dederat
1287 2387 1529 2495 auditorem,
1552 2393 1617 2478 ali-

302 2502 496 2618 quamdiu
526 2503 761 2618 litigassent,
796 2526 848 2601 et,
866 2524 1106 2614 procur-ator
1126 2503 1206 2614 ipse
1223 2505 1491 2592 attestationes
1513 2505 1634 2616 adse,

300 2641 407 2704 reret
434 2614 740 2726 adprobandas,
770 2617 938 2703 nuntius
956 2643 1057 2702 vero
1079 2618 1188 2731 regis
1207 2645 1254 2703 ex
1277 2617 1443 2704 aduerso
1466 2643 1618 2719 eas,vt·

298 2752 397 2842 pote
420 2725 488 2814 lite
510 2755 598 2814 non
625 2733 878 2828 contestata,
906 2751 947 2816 et
973 2733 1063 2842 post
1096 2731 1405 2843 appellationem
1437 2732 1618 2850 legitime
1690 2813 1712 2828 .,

297 2843 570 2954 interpositam
588 2841 811 2947 inordinate
830 2835 1022 2954 receptas,
1045 2866 1201 2956 peteret
1233 2846 1461 2958 reprobari,
1499 2851 1610 2962 ¹Papa

296 2957 502 3046 intellesiis
526 2985 597 3070 per
615 2955 852 3043 cardinalem
873 2957 1002 3068 ipsum
1039 2958 1227 3158 vtrinqoe
1256 2964 1485 3074 propositas
1510 2987 1610 3052 atte-

266 3116 270 3125 ,
296 3073 482 3160 stationes
508 3073 704 3184 praefatas
729 3099 803 3159 nec
827 3069 1107 3184 adprobandas
1172 3074 1259 3160 urit
1289 3102 1363 3162 nec
1389 3073 1611 3188 reproban-

294 3187 380 3285 das,
404 3211 524 3298 atque
544 3187 828 3300 salisburgensi
845 3183 1153 3300 Archiepiscopo
1169 3189 1310 3275 eteius
1330 3187 1608 3281 conludicibus

293 3301 485 3406 iniunxit,
504 3321 547 3384 vt
568 3296 747 3411 partibus
772 3297 820 3382 ad
845 3301 985 3386 locum
1008 3303 1242 3388 conuocatis
1257 3301 1469 3403 idoneum,
1487 3311 1606 3395 testes

292 3415 574 3510 examinarent,
595 3435 635 3497 et
657 3413 764 3522 gesta
791 3413 926 3496 omniu
951 3417 992 3499 in
1021 3416 1253 3525 scripturam
1277 3416 1432 3504 redas‘ra
1470 3419 1520 3507 ad
1549 3423 1604 3510 se·

238 3551 242 3559 ’
291 3523 386 3613 dem
422 3525 604 3638 papalem
634 3522 851 3620 deferrent,
882 3523 1151 3638 praefigentes
1178 3529 1357 3640 partibus
1380 3535 1604 3627 terminum

290 3664 604 3753 competentem,
626 3667 711 3754 quo
726 3637 857 3752 Papali
872 3639 908 3724 se
932 3641 1161 3752 conspesiui
1187 3645 1492 3754 praesentarent,
1516 3649 1600 3736 sen·
1637 3740 1644 3751 ,

1162 3796 1168 3807 ·
1456 3849 1459 3854 ,
1513 3787 1605 3858 ten·

286 3997 291 4005 .
337 3931 397 4034 (q)
424 3959 684 4015 ruuoeruarr
703 3939 757 4014 lll.
783 3941 866 4038 epist.
888 3941 939 4016 lr'b.
957 3942 1023 4020 111.
1047 3963 1093 4040 ep.
1107 3956 1179 4029 aas.

338 4043 391 4136 (t)
420 4063 680 4112 turocnnrrr
706 4043 759 4112 lll.
784 4041 835 4116 db.
850 4051 896 4122 11.
923 4047 1004 4138 epist.
1018 4067 1082 4133 197.
1133 4051 1208 4124 &ce
1225 4047 1307 4118 enim
1324 4051 1399 4118 Dux
1411 4049 1592 4140 'Bobemr'aea

388 4141 467 4232 fitur
485 4145 669 4312 ecepimus,
684 4141 696 4209 i
709 4144 775 4232 sius
788 4145 911 4232 scrutur
928 4144 1099 4242 exemplum
1113 4169 1211 4222 oxon
1223 4149 1333 4219 resilit
1347 4151 1487 4248 lqr'rimae
1496 4152 1596 4247 Μ
1703 4153 1709 4160 ’

400 4240 491 4312 modo
512 4267 533 4317 a
557 4243 691 4314 alteram
721 4245 932 4338 uperr'ndrtxr't.
1620 4275 1625 4282 ·
