3759 4784
307 244 383 315 260
507 299 512 309 .
606 245 682 340 cap.
698 242 761 313 m.
775 238 907 313 seim.
935 244 987 314 De
1001 190 1152 315 thomis
1167 238 1332 339 illustrium

312 403 503 502 dirarum,
531 400 797 491 nihilominus
812 406 1026 517 imperanti
1037 408 1174 495 omnia
1189 428 1311 493 erunt
1322 404 1518 521 permilln
1533 434 1637 521 quae
1682 396 1709 513 ,’
1858 440 1859 449 ¹

313 520 402 606 iure
430 535 596 605 naturae
615 516 721 605 hosti
738 521 780 605 in
799 519 960 607 hostem
988 522 1088 614 licet.
1142 525 1311 607 Hostem
1345 530 1444 607 'vero
1477 518 1633 609 insidias

241 672 246 685 ·
311 638 414 720 vitae
446 638 683 733 struentem,
710 637 739 719 st
762 635 832 721 alia
855 635 1082 747 periculum
1103 634 1309 723 auertendi
1340 636 1515 721 remedia
1547 664 1634 725 non

315 776 346 837 u
364 772 420 836 nt.
450 776 603 848 necare,
632 772 674 835 et
695 750 748 835 fic
767 776 939 862 quoque
954 750 1289 837 matrimonialem
1312 750 1454 837 tollere
1474 752 1633 837 societa-

311 890 411 963 tem,
439 868 598 949 nonest
617 861 887 975 prohibitum,
911 888 952 951 et
972 866 1159 979 quamuis
1178 866 1332 977 ponere
1350 864 1464 963 velis,
1492 865 1629 975 mitio·

311 1008 355 1066 ra
376 977 608 1065 auertendis
640 980 743 1064 vitae
765 977 912 1065 insidiis
934 1005 959 1063 a
987 980 1164 1094 coniuge
1188 980 1344 1065 struitis
1368 972 1548 1067 sufficere
1570 1006 1629 1065 re·

295 1092 461 1190 media,
487 1094 551 1178 vit
575 1117 712 1179 tamen
733 1094 776 1177 in
804 1094 1011 1192 nituerit,
1042 1118 1084 1181 et
1106 1090 1345 1205 reipublicae
1360 1092 1461 1181 salus
1484 1118 1629 1179 etma—

175 1205 180 1215 ’
216 1290 222 1298 ,
312 1210 379 1294 riti
394 1210 488 1304 vita,
518 1208 587 1293 nist
607 1203 657 1292 ab
674 1211 763 1317 eius
780 1205 907 1292 thoro
930 1231 972 1293 et
989 1208 1122 1297 mensa
1145 1234 1344 1320 perpetuo
1368 1206 1555 1293 malitiosa
1577 1208 1630 1292 se·

313 1344 477 1436 paretur
506 1325 667 1407 coniux.
722 1323 921 1435 Perpetua
954 1348 1052 1410 vero
1083 1323 1275 1438 separatio
1297 1323 1428 1437 ipsum
1456 1322 1632 1413 inuoluit
1654 1362 1672 1381 ·-

249 1514 252 1520 ,
315 1435 542 1527 diuortium
558 1437 638 1546 (i).

166 1580 170 1590 ·
845 1556 886 1659 5.
940 1552 1051 1638 XXV
1052 1554 1105 1639 11.
1174 1598 1181 1607 ·

435 1683 595 1795 Quarta
620 1678 785 1767 diuortii
806 1686 934 1771 cauda
954 1689 1030 1773 erit
1051 1684 1269 1799 praestada
1291 1680 1416 1773 debiti
1447 1682 1645 1795 coniuga-

311 1788 361 1889 lis
377 1795 607 1909 denegatio,
635 1798 786 1909 quippe
796 1826 899 1907 quae
915 1827 1001 1887 non
1017 1801 1146 1886 solum
1163 1798 1288 1884 fidem
1318 1825 1441 1910 quam
1454 1798 1627 1885 maxime

149 1930 153 1939 '
231 1968 237 1976 ·
314 1913 440 2000 violat
460 1908 753 2021 coniugalem‚-
772 1905 841 1995 sed
879 1941 1051 2025 quoque
1077 1914 1207 2027 frangi
1234 1914 1358 1999 nescia
1383 1913 1630 2012 contumacia

238 2109 255 2129 ,,
314 2023 499 2136 impedit,
527 2024 768 2133 quominus
789 2024 1156 2115 matrimoniifrnes
1176 2025 1363 2126 obtineri,
1386 2023 1555 2137 eiusque
1571 2022 1630 2109 lo·

249 2202 253 2207 ·
316 2168 411 2228 cum
427 2129 744 2249 habere-poffint
762 2140 1010 2256 ,ellentialin
1043 2142 1155 2241 Inter
1170 2146 1352 2255 priuatos
1373 2142 1486 2253 saepe
1500 2134 1633 2225 abob—

314 2257 458 2362 dinato
476 2252 685 2363 propofito
695 2281 766 2365 per
774 2252 1164 2351 iudicem'dimoueti
1176 2246 1559 2369 pdllunttoniuges;
1580 2254 1634 2337 ast

284 2422 292 2437 0
316 2364 717 2483 etnngelicaeaddibii
731 2368 929 2483 religioni,
950 2391 1033 2456 tarn
1049 2370 1221 2482 supremi
1231 2370 1490 2481 imperantes,
1506 2394 1632 2480 quam

314 2490 440 2574 natus
469 2481 647 2589 imperii,
683 2481 856 2567 iudicem
880 2484 923 2568 in
945 2486 1195 2570 matrimonii
1213 2478 1353 2573 caullis
1371 2480 1525 2571 habent
1542 2478 1632 2567 nul·

316 2596 423 2691 lum,
449 2589 627 2701 ideoque
641 2594 730 2690 eins
745 2597 961 2705 imperinm
987 2596 1037 2681 ad
1059 2598 1322 2715 frangendam
1352 2599 1536 2716 coniugis
1545 2620 1634 2709 pet·

316 2707 499 2802 tinaciam
520 2703 713 2793 adhibere
734 2736 818 2793 non
847 2712 1022 2819 poliunt.
1092 2714 1197 2798 Hinc
1224 2712 1380 2798 illustris
1413 2715 1584 2798 maritus
1607 2734 1632 2792 a

228 2853 230 2856 ·
315 2822 506 2936 coniuge,
533 2846 637 2929 quae
651 2819 805 2932 absque
831 2822 940 2909 iustis
964 2824 1318 2914 causfis‘debitum
1339 2826 1513 2941 denegat
1536 2850 1632 2911 con·

317 2935 465 3053 iugale,
505 2960 669 3045 quaeue
695 2935 872 3045 repetitis
898 2934 1249 3049 persuafionibus,
1289 2964 1336 3025 vt
1370 2938 1632 3027 concubitum

218 3053 222 3061 ’
348 3047 943 3159 ermittaninducinonpoted,
972 3054 1009 3135 se
1034 3050 1211 3139 diuortio
1242 3055 1442 3165 separare,
1470 3052 1637 3141 liberam

316 3084 442 3255 babet
462 3162 709 3263 facultatem,
734 3163 851 3249 nullo
865 3164 957 3255 lieet
969 3166 1101 3253 iudice
1119 3169 1338 3279 implorato
1352 3170 1430 3275 (l).
1482 3167 1633 3255 Eadem

311 3279 419 3379 §ratio
443 3280 513 3373 est,
538 3277 567 3357 fi
596 3304 699 3359 vxor
724 3274 909 3364 debitum
939 3280 1104 3391 quidem
1130 3286 1298 3395 praestat
1325 3282 1549 3396 coniugale,
1579 3282 1635 3365 ast

209 3428 218 3437 ·
309 3418 366 3493 ¹nt
386 3388 543 3501 decenti
556 3392 725 3499 praestet
745 3390 877 3477 modo
893 3394 1092 3483 ordinene
1112 3396 1253 3485 adduci
1276 3399 1419 3511 nequit
1433 3396 1539 3507 ‚uel
1562 3392 1637 3481 fibi

310 3509 523 3621 ‚perpetuo
536 3523 727 3612 procurat
741 3498 946 3592 abortum.
1031 3512 1222 3621 Vtroque
1250 3512 1361 3615 enim
1382 3514 1469 3598 casu
1495 3510 1631 3596 matri-
1739 3560 1746 3613 ,v
1858 3506 1859 3513 ‘

320 3619 450 3726 monii
468 3614 586 3714 fines,
610 3618 839 3729 procreatio
863 3648 1012 3733 nempe
1033 3645 1076 3707 et
1090 3622 1273 3709 educatio
1291 3622 1440 3711 sobolis
1458 3620 1637 3711 obtineri

230 3786 234 3793 -
319 3759 408 3821 non
424 3732 605 3847 poliunt,
631 3731 804 3822 violatur
823 3736 1070 3855 matrimonii
1089 3736 1275 3847 pallum,
1301 3738 1439 3853 quoad
1457 3738 1634 3937 effentip-

1430 3930 1432 3935 .
1600 3876 1635 3935 ra

377 4030 423 4122 (ι’)
444 4033 716 4104 uotuatcnitrt
729 4029 833 4123 creles?
839 4032 963 4124 prottss.
981 4030 1031 4103 lib.
1049 4032 1110 4106 111.
1127 4037 1180 4104 rit.
1201 4038 1339 4115 ΠΜ.
1355 4057 1400 4132 31.
1415 4058 1453 4134 p.
1468 4044 1546 4129 362.
1564 4032 1639 4109 (xl.
1695 4015 1729 4047 ’χ
1858 4094 1859 4105 ,

429 4153 641 4206 enervius
656 4130 754 4201 Elem.
768 4154 831 4206 rur.
848 4154 919 4201 ran.
942 4130 997 4205 lib.
1020 4135 1066 4205 ΙΙ.
1079 4140 1120 4215 5.
1141 4156 1206 4207 ιιι.
1347 4210 1351 4218 ,
1858 4134 1859 4143 ’

368 4232 411 4320 (i)
438 4229 734 4321 trncrrnltesp.
757 4236 794 4300 P.
814 4237 861 4303 11.
877 4251 1003 4318 ΛΜ

1431 4382 1439 4419 l
