3759 4784
297 257 389 368 ⁸264
554 280 559 288 '
612 204 1335 365 Cap.lls.Sesi.s.Delinoniisiilu1siium

312 441 414 534 Eius
429 453 668 549 argumenta
695 429 780 520 lme
796 431 979 521 redeunt.
1041 435 1072 524 i.
1111 436 1198 522 Esse
1231 427 1460 524 diuortlmn
1485 457 1629 554 nego

205 630 210 638 .
313 558 417 642 tium
433 578 545 636 mere
570 551 682 634 ciuile
708 574 748 636 et
772 549 849 634 tale
872 549 921 634 ab
940 549 1133 636 omnibus
1156 551 1243 637 fere
1272 553 1416 638 censeri
1446 557 1626 666 populis,

313 663 483 786 proinde
503 663 766 750 liborumeffe
789 665 952 775 principi
981 663 1032 750 de
1072 663 1346 751 diuortiorum
1380 668 1503 752 trufis
1539 696 1627 754 non

312 783 445 874 solum
467 780 577 894 leges
602 778 727 876 ferte,
766 775 831 864 sed
860 805 1029 889 quoque
1057 776 1197 868 cauffis
1228 781 1269 865 in
1298 782 1397 865 sacra
1435 777 1625 894 expreslis

164 939 175 964 ν
310 899 497 1008 scriptura
518 921 595 1006 pro
611 893 775 978 vtilitate
793 895 914 978 status·
932 893 1023 978 alias
1052 893 1219 992 addere,
1251 893 1375 1006 idque
1391 894 1477 982 non
1493 897 1625 984 solum

311 1011 500 1100 consensu
530 1008 717 1125 omnium
740 1005 825 1092 fere
848 1008 1057 1121 gentium,
1084 1009 1148 1094 sed
1165 1037 1335 1122 quoque
1354 1001 1622 1122 praestantisli-
1699 1049 1704 1053 ·

309 1151 477 1216 morum
509 1118 738 1209 confirmari
756 1122 993 1208 austoritate
1011 1117 1336 1239 theologorum,
1368 1127 1626 1214 uternen-

310 1267 457 1330 rours
475 1243 536 1346 (ρ)
561 1263 722 1346 nempe,
756 1242 1180 1348 evcnn1(q)rnvt1
1218 1267 1349 1326 raon
1373 1243 1442 1346 (r),
1483 1269 1624 1327 natu·

314 1359 455 1460 ru(s)
472 1351 737 1460 alionrmque.
796 1351 841 1434 In
879 1351 1081 1462 primitiua
1116 1351 1269 1438 ecelesra
1308 1351 1480 1437 diuortia
1512 1355 1626 1442 fuisse

175 1538 178 1550 .
314 1467 498 1588 permissa
516 1461 699 1576 pluribus
717 1491 764 1548 ex
781 1465 918 1562 causis,
951 1489 1077 1578 prout
1100 1469 1205 1551 varia
1236 1467 1436 1571 Ladomii,
1471 1467 1624 1576 Enjebii

314 1581 462 1674 Ariana
476 1587 517 1676 ti,
547 1579 703 1681 Hilarii,
733 1584 963 1691 Hieronymi,
990 1573 1181 1700 Augustini
1193 1645 1205 1685 ,
1237 1581 1383 1685 rofilli,
1414 1582 1625 1698 Epiphanii,

315 1700 562 1796 Nazianzeni,
580 1685 767 1794 Ambrost',
796 1689 1027 1806 Chrylistomi
1054 1693 1309 1804 aliorumque
1346 1693 1626 1808 patrum'pro*

118 1849 120 1854 ¹
230 1907 232 1912 ,
311 1811 411 1900 bent
426 1807 662 1902 testimonia,
690 1803 813 1916 idque
830 1807 894 1891 vel
907 1807 1033 1916 ipsum
1056 1835 1205 1919 corpus
1229 1810 1326 1892 iuris
1344 1811 1627 1896 Iustinianeum

314 1927 481 2018 docere,
518 1921 667 2030 quippe
695 1945 781 2028 quo
820 1921 1000 2026 permissa
1032 1918 1204 2006 diuortia
1237 1923 1371 2032 plures
1398 1922 1454 2008 ob
1485 1927 1627 2029 causam
1669 1974 1674 1980 ·

314 2035 556 2126 adulterium
579 2031 642 2116 vel
662 2031 892 2114 malitiosam
921 2033 963 2118 ln
985 2033 1023 2118 se
1043 2030 1154 2120 haud
1172 2038 1424 2122 continentes
1440 2035 1627 2124 desertio

316 2179 426 2266 nem,
450 2151 535 2238 imo
545 2141 653 2236 bona
662 2147 886 2258 coniugum
895 2147 1186 2260 gratianuptias
1196 2148 1351 2236 dissolui
1369 2151 1539 2262 potuisse
1555 2158 1623 2259 (t),
1659 2171 1662 2174 ’

312 2293 442 2380 usque
465 2261 568 2347 dum
585 2259 768 2372 peruersa
789 2263 1005 2374 Augustini
1027 2260 1252 2349 verborum
1266 2266 1542 2376 interpretatio
1558 2293 1623 2351 oc-

313 2385 512 2469 easronem
527 2370 753 2486 praebuerit
781 2373 878 2461 sidio
907 2378 1153 2463 matrimonii
1176 2379 1432 2477 sacrament0,
1463 2403 1505 2481 et
1533 2377 1626 2464 inde

107 2573 122 2612 *X
248 2513 270 2518 ““
315 2515 452 2580 enatae
462 2489 817 2574 matrimoniorum
831 2487 1167 2576 indissolubilitati.
1223 2491 1380 2577 Deinde
1391 2494 1495 2604 ipsos
1521 2521 1625 2606 pon·
1703 2523 1714 2538 ·

314 2607 440 2696 tifices
474 2625 629 2716 praeter
660 2597 901 2687 adulterium
923 2624 965 2690 et
989 2603 1220 2690 malitiosam
1244 2604 1511 2694 desertionem
1534 2607 1624 2692 alias

314 2719 586 2806 divortiorum
613 2709 801 2799 admisisse
831 2718 983 2816 causas,
1021 2743 1060 2805 et
1081 2720 1206 2806 lCtos
1236 2719 1468 2832 pontificios
1485 2719 1623 2807 corda·

312 2857 379 2924 tos
396 2829 554 2925 docere,
580 2821 839 2913 Iustinianum
862 2857 949 2916 non
971 2834 1048 2915 esse
1079 2830 1480 2952 reprehendendum
1524 2834 1624 2920 dum
1676 2879 1681 2886 ·
1767 2832 1769 2834 ’

313 2979 360 3038 ex
385 2941 565 3058 pluribus
589 2941 726 3039 ceusu,
755 2943 842 3032 imo
868 2969 915 3027 ex
928 2941 1038 3035 bona
1059 2946 1284 3060 coniugum
1300 2949 1424 3060 gratia
1437 2949 1619 3061 permise-

307 3067 359 3154 rit
377 3059 561 3159 diuortia‚
592 3059 718 3167 prout
733 3053 781 3142 ab
802 3083 1022 3148 arctato
1041 3061 1120 3164 (u),
1153 3088 1387 3149 nvnreuo
1404 3069 1477 3174 (x),
1510 3089 1624 3153 eou-

309 3205 446 3272 uruo
462 3179 523 3288 (y)
544 3171 708 3284 aliisque
732 3171 895 3264 fastum.
951 3173 1003 3262 ΙΙ.
1029 3167 1237 3266 chritum
1259 3179 1301 3266 in
1321 3176 1456 3263 sacras
1491 3177 1501 3196 ’
1532 3198 1640 3312 tuta.

1432 3409 1436 3414 ι
1521 3319 1624 3408 egrs·

218 3466 243 3482 ‘
361 3487 417 3578 (p)
440 3477 585 3548 inexam.
598 3422 1623 3569 theol.ordin.sib.deconiugioeit.dediuottiiopropterfieuitiam.
1679 3429 1687 3436 Ι

216 3621 221 3630 ’
309 3683 313 3691 .
362 3597 413 3688 ‘l'
435 3608 593 3660 ‘mmm‘
610 3585 657 3654 Ἀ
671 3581 791 3655 M‘ss·
815 3583 904 3653 W·
924 3583 1025 3681 on.
1041 3586 1089 3666 n,
1103 3582 1251 3686 Aerem
1269 3586 1420 3682 carme
1436 3589 1573 3684 asro.

246 3781 263 3794 ,,
360 3693 410 3796 (r)
438 3689 484 3761 ad
498 3711 566 3782 cap.
584 3687 711 3756 Xlrrlr.
728 3691 858 3756 neuter.
955 3688 962 3700 -1
1021 3706 1026 3712 .
1168 3682 1178 3703 s

206 3877 209 3884 .
363 3807 414 3904 (s)
439 3819 588 3875 coornent
605 3801 638 3872 in
658 3801 859 3872 Matthaeum
879 3795 1051 3882 edu-rob.
1071 3807 1143 3886 614.

203 3911 208 3920 ¹
346 3911 406 4002 ’(ῐ)
438 3903 570 3977 Nouello
589 3904 696 3974 XXII.

358 4011 417 4104 (u)
444 4005 495 4076 lii.
517 4010 573 4075 Vl.
588 4023 663 4097 Jcaepo
675 4003 745 4072 XX.
756 4021 881 4097 parerg.

357 4129 410 4218 (xl
437 4122 491 4196 lib.
513 4119 557 4190 ls.
572 4117 677 4209 soluto
691 4111 892 4184 matimonio
914 4137 979 4214 cap,
992 4113 1033 4192 do
1050 4112 1198 4192 233075555
1217 4113 1281 4190 fine

194 4275 197 4280 ’
263 4324 265 4328 .
355 4242 412 4336 (v)
439 4236 505 4305 Lib.
525 4237 618 4344 Vlls.
637 4251 799 4305 comment.
817 4230 934 4326 zaja,
1365 4237 1368 4244 .
