3759 4784
221 973 228 986 Χ
327 921 429 982 uere
452 894 501 979 de

330 261 403 344 adr
457 297 466 314 ι
629 267 783 368 capnt
809 267 926 346 seer.
952 265 1163 344 nemra
1180 241 1346 368 uastarunt

331 433 504 522 diuortia
530 432 586 520 ob
603 433 792 522 dt'rrltiem
808 433 940 524 t'ordis
961 459 1004 522 et
1032 435 1276 548 deprauatos
1302 431 1650 524 hominum'mo·

305 545 395 636 'res
410 548 460 634 ad
483 550 667 636 euitanda
688 551 791 636 mala
810 551 964 640 maiora
977 579 1025 635 ex
1040 553 1162 636 causis
1186 553 1228 635 in
1253 553 1353 636 sacra
1385 577 1473 634 non
1495 551 1649 662 expres·
1678 640 1682 649 ,

330 667 379 748 srs
399 664 586 776 scriptura
608 667 766 780 legibus
784 693 870 752 non
889 661 1094 776 prohiberi
1111 662 1309 762 ciuilibus,
1331 665 1499 753 minime
1512 688 1648 752 tamen

329 777 471 866 exinde
504 777 713 980 probatur,
745 783 814 891 qui
848 779 994 866 Chrisli
1024 778 1229 864 dodrinae
1246 824 1249 833 ·
1266 781 1556 866 conuenienter
1589 781 1648 864 vi·

279 1037 283 1046 ·
326 1014 371 1094 sti
396 1001 627 1119 praeceptis,
645 1037 693 1094 ex
724 1009 846 1094 causis
867 1006 1051 1094 adulterii
1068 1011 1265 1094 rationem
1286 1035 1372 1092 non
1386 1003 1645 1105 habentibus,

180 1181 202 1210 .·
268 1135 282 1236 J
328 1123 538 1210 dissoluere
555 1124 665 1234 posse
689 1123 950 1218 matrimonii,
974 1122 1198 1232 quodcum
1218 1117 1461 1236 coniugibus
1478 1117 1644 1220 habent,

325 1239 545 1348 vinculum.
618 1237 756 1322 Multo
783 1237 918 1320 minus
944 1263 1043 1320 vero
1066 1235 1208 1320 exinde
1232 1236 1386 1322 darum
1408 1233 1484 1334 fit,
1533 1237 1643 1322 ciues

272 1413 276 1424 ·
327 1351 516 1465 obligari,
544 1373 589 1434 vt
615 1348 778 1448 liberos,
804 1351 927 1460 priori
941 1349 1118 1464 legitime
1139 1348 1251 1434 haud
1268 1350 1421 1436 sublato
1437 1351 1644 1436 matrimo-

327 1468 397 1552 nio
426 1480 479 1548 'ex
502 1465 622 1548 nouis
646 1489 765 1550 natos
790 1463 954 1574 nuptiis,
982 1463 1031 1548 ad
1051 1459 1348 1560 succeffionem
1376 1493 1499 1575 quam
1514 1464 1643 1550 solum

259 1643 263 1651 =
327 1577 460 1667 liberis
476 1606 523 1663 ex
540 1580 647 1665 iustis
672 1573 1003 1665 descendentibus
1026 1580 1179 1692 nuptiis
1202 1577 1474 1692 permiserant,
1500 1574 1641 1664 admit·

298 1689 424 1782 “tant
480 1693 583 1804 Qto
602 1693 709 1778 sensu
725 1692 1081 1780 etiureconsulto's
1108 1694 1371 1780 Iullinianum
1403 1691 1461 1777 ob
1482 1691 1641 1804 permis·
1684 1688 1691 1707 '

326 1811 406 1895 sm
438 1805 717 1894 diuortiorum
741 1807 940 1900 laxitatem
965 1805 1243 1905 defendentes,
1274 1805 1442 1920 intelligi
1462 1829 1639 1917 oportet.

326 1921 480 2036 anad
506 1925 574 2030 Il.)
591 1920 770 2008 concedo
789 1919 969 2031 quidem,
994 1918 1202 2008 Christum
1224 1923 1265 2006 in
1299 1949 1416 2006 nouo
1432 1925 1643 2008 testamen·

324 2059 371 2123 to
399 2033 671 2150 legislatorem
699 2061 785 2121 non
802 2035 934 2147 egisse,
959 2033 1025 2120 sed
1040 2033 1303 2123 solummodo
1331 2035 1502 2120 virtutes
1516 2037 1640 2122 incul·
1721 2037 1725 2044 ’

216 2245 221 2253 ,
325 2152 435 2248 calle,
465 2153 517 2236 ast
545 2149 809 2238 nihilominus
836 2141 1157 2236 Christianorum
1192 2153 1269 2248 est,
1305 2151 1476 2234 virtutes
1507 2147 1667 2236 ettad

324 2261 582 2356 Christianae(
632 2265 821 2378 Qaarum
846 2263 935 2350 lieet
951 2292 1037 2350 non
1062 2261 1639 2381 extorqueaturobscuranda,
1707 2302 1722 2346 ·.

323 2403 462 2468 contra
478 2381 557 2464 Dei
572 2401 709 2463 tamen
731 2381 987 2464 voluntatem
1016 2381 1093 2476 est,
1120 2376 1293 2470 diuortia
1321 2405 1369 2464 er
1389 2377 1495 2478 aliis,
1515 2407 1640 2490 quam

322 2491 502 2578 adulterii
521 2495 720 2578 rationem
744 2489 990 2576 habentibus
1007 2487 1163 2590 caullis,
1192 2491 1348 2589 facere,
1387 2515 1429 2578 et
1457 2493 1641 2605 populus

321 2607 580 2720 illegitimum
604 2603 771 2691 credens
793 2602 1037 2692 huiusmodi
1057 2607 1295 2710 diuortium,
1324 2600 1473 2693 hberos
1496 2635 1544 2692 ex
1563 2636 1640 2694 no·

323 2747 382 2806 uo
408 2741 525 2803 natos
544 2719 808 2803 matrimonio
831 2714 1110 2808 asuccellione
1144 2718 1379 2808 excludendi
1399 2719 1511 2805 facile
1545 2724 1637 2807 arri-

186 2883 193 2910 s
321 2860 419 2946 pere
437 2835 567 2946 potest
586 2833 843 2916 occafionem.
911 2833 1064 2944 Qoad
1093 2838 1182 2939 ΙΙΙ.)
1201 2863 1347 2920 verum
1367 2832 1532 2945 quidem
1569 2841 1640 2942 est,

321 2945 528 3036 Christum
553 2948 851 3060 interrogatum
886 2947 963 3030 elle
987 2943 1038 3029 de
1064 2943 1274 3046 diuortiis,
1310 2975 1413 3059 quae
1433 2977 1506 3060 per
1527 2944 1636 3037 libel-

207 3129 211 3142 .
323 3065 412 3150 lum
434 3062 589 3174 repudii
606 3060 764 3174 priuato
787 3057 893 3146 liunt
914 3055 1183 3162 arbitrio‚·asl,
1212 3063 1313 3148 dum
1336 3066 1637 3176 generatim‘re·

268 3209 270 3216 ⁴
321 3175 509 3289 spondet:
541 3173 713 3288 diuortia
731 3199 815 3261 non
836 3175 903 3258 nisr
923 3203 971 3260 ex
988 3174 1128 3274 mohs,
1156 3205 1259 3290 quae
1273 3175 1473 3262 adulterrii
1485 3175 1642 3266 habent

322 3289 661 3494 ratiplnemapusta
686 3291 775 3387 esse,
803 3287 1039 3408 generaliter
1055 3319 1226 3406 quoque
1259 3292 1347 3380 eius
1365 3289 1488 3382 verba
1514 3315 1637 3396 erunt
1671 3293 1675 3300 ’

306 3427 404 3516 ‘rnte
433 3429 526 3518 rgen

865 3587 1099 3694 §.unu

436 3765 561 3854 Vnica
588 3761 721 3854 adhuc
749 3763 922 3879 superest
948 3769 1152 3880 quaestio:
1205 3797 1256 3859 an
1295 3799 1445 3886 nempe
1481 3795 1635 3858 nocens

319 3907 421 3994 pare,
454 3879 572 3996 sallo¹
591 3879 786 3980 diuortio,
810 3879 917 3968 lucra
935 3885 1092 3969 amittat
1119 3881 1265 3972 dotalia
1285 3893 1301 3996 l
1358 3891 1398 3974 Si
1424 3887 1636 3974 illustrium

319 3999 511 4100 causaeer
533 3993 617 4082 solo
640 3997 924 4084 Romanorum
955 4000 1047 4082 iure
1067 3997 1190 4088 essent
1221 3997 1494 4100 definiendae,
1529 3992 1637 4085 affir-
1701 4001 1708 4010 '

315 4117 467 4202 nmine
485 4109 595 4239 soret
613 4109 957 4222 respondendum.
982 4111 1101 4202 Clare
1117 4120 1228 4206 enim
1238 4115 1441 4211 iustiniani
1453 4119 1566 4232 leges
1573 4113 1635 4200 lo

1501 4255 1637 4344 quun·
1780 4279 1797 4289 -

532 917 614 992 ent,
641 897 885 1006 imperantes
911 894 1013 978 salua
1045 895 1278 986 conscientia
1308 893 1500 1006 negleffls
1527 889 1673 980 Chri.
1774 924 1778 929 ·
