3759 4784
170 338 177 345 ·
286 313 414 395 ¹404:
516 246 522 259 ⁹
624 350 627 359 .
709 222 788 386 cap.
801 290 865 367 17.
886 285 1053 385 Desedire
1071 290 1247 387 uesicam,
1364 329 1368 340 ·

330 484 455 561 rator,
475 453 527 547 ab
551 480 685 569 eoque
694 457 781 577 peti
794 453 1031 546 mandatum
1046 455 1097 545 de
1117 457 1158 545 in
1176 452 1346 543 arbitros
1369 460 1637 573 compromit-

313 574 472 669 -tendo
524 576 577 661 Et
596 573 687 659 licet
705 572 796 659 alias
821 570 929 658 nulla
952 574 993 659 in
1016 574 1262 661 matrimonii
1291 564 1433 659 caussis
1467 574 1669 685 impera-,r

330 694 433 787 toris
459 692 506 775 stt
527 686 762 787 iurisdidio‚
788 684 1030 777 huiusmodi
1050 712 1184 773 tamen
1201 686 1438 774 mundanam
1453 689 1638 801 posselo·
1688 760 1693 769 .
1788 778 1798 791 ,

150 906 157 917 ,
331 836 427 897 cum
448 801 611 901 habere,
628 802 739 890 facile
762 800 862 889 mihi
884 800 1174 915 persuaderem,
1184 800 1285 889 dcun
1297 822 1340 891 vt
1354 801 1443 888 iure
1460 824 1640 901 vtantnr,

286 1006 294 1030 ,
334 948 410 1013 nec
438 921 502 1005 via
535 917 628 1005 sadi
666 915 885 1028 procedant
942 918 1098 1031 imperii
1124 920 1261 1021 stante,
1280 916 1501 1027 imperator
1517 912 1645 1029 posiir

158 1077 170 1149 j
334 1033 524 1128 mandare
550 1034 736 1121 omnino.
833 1032 874 1119 Si
894 1028 1058 1119 tandem
1084 1058 1157 1119 nec
1172 1032 1353 1119 caesareis
1375 1030 1572 1119 mandatis
1588 1028 1639 1117 ad
1722 1096 1730 1111 .

207 1140 215 1155 ’
332 1146 749 1262 compromittentium
779 1148 1001 1233 refrasiaria
1036 1144 1141 1259 adigi
1176 1168 1300 1257 queat
1331 1146 1501 1245 coniux,
1539 1168 1640 1236 tunc

335 1264 618 1381 princepssuo
635 1258 814 1345 satisfecit
834 1254 972 1346 officio
1000 1260 1105 1345 etad
1126 1254 1351 1347 diuortium
1372 1258 1637 1375 progrediens

333 1380 383 1467 ab
404 1376 630 1463 aduersariis
644 1373 850 1461 iniustitiae
865 1372 1030 1461 accusari
1050 1375 1205 1486 nequit,
1230 1373 1332 1459 dum
1345 1375 1483 1485 potius
1507 1374 1639 1461 omni·

251 1557 256 1567 .
331 1494 412 1583 buc
439 1488 581 1577 exinde
601 1491 768 1589 constet,
784 1514 883 1575 eum
903 1488 993 1575 iure
1008 1488 1172 1603 quidem
1190 1493 1287 1577 stare
1303 1488 1544 1588 volutent
1559 1488 1640 1577 cui·

334 1634 387 1725 pa
400 1603 537 1691 uxoris
561 1602 643 1691 hoc
663 1596 750 1689 fieri
778 1631 864 1690 non
888 1604 1072 1715 potuisse.
1124 1602 1426 1717 Hincconiuge
1449 1606 1513 1691 ius
1541 1604 1642 1689 vite-

334 1724 419 1811 rius
450 1720 665 1815 recusante,
680 1716 864 1830 princeps
880 1718 948 1805 seu
969 1722 1091 1807 status
1115 1720 1282 1805 caussam
1298 1716 1364 1806 vel
1384 1720 1550 1831 proprio
1575 1717 1641 1805 vel

331 1835 492 1925 alterius
509 1838 631 1919 status
646 1834 877 1919 consistorio
893 1838 1023 1946 potest
1038 1836 1304 1931 comminere,
1313 1832 1422 1919 iuxta
1438 1860 1639 1931 normam,
1672 1916 1677 1925 ,

335 1975 439 2065 quae
457 1950 501 2035 in
524 1947 623 2051 sacra
641 1944 809 2031 tradinu
817 1946 1028 2059 scriptura,
1042 1944 1317 2046 decidendam,
1329 1973 1381 2035 co
1405 1968 1538 2044 tamen
1548 1974 1641 2033 mo·

335 2066 404 2163 do,
427 2084 472 2149 vt
502 2058 668 2173 proprio
692 2060 730 2143 se
754 2056 995 2147 submittens
1025 2061 1289 2161 confistorio,
1309 2061 1533 2147 confiiiariis
1547 2062 1641 2147 'eui-

332 2175 477 2269 tandae
496 2175 632 2263 omnis
652 2174 884 2285 suspicionis
913 2177 1040 2262 caussa
1072 2176 1295 2263 iuramenta
1326 2176 1463 2287 quoad
1495 2175 1651 2270 hanoco

333 2290 591 2385 remittantur
612 2290 798 2383 catrrsan.
880 2292 1160 2379 Consiitutum
1190 2288 1427 2377 huiusmodi
1453 2290 1643 2381 iudicium

333 2412 449 2503 citata
472 2429 513 2491 et
527 2404 725 2491 consueto
749 2406 952 2517 processus
977 2404 1119 2491 ordine
1134 2404 1266 2491 audita
1288 2396 1527 2495 sufficienter
1542 2432 1641 2491 vxo-

335 2551 380 2611 te
403 2519 453 2608 ad
473 2520 706 2625 sententiam
726 2522 866 2629 potest'
882 2518 1115 2627 procedere.
1168 2522 1260 2609 Imo
1282 2548 1451 2631 quoquc
1479 2546 1567 2615 eam
1597 2519 1643 2614 in

337 2657 623 2720 contumacem
658 2630 775 2718 serre.
874 2633 1006 2721 Cuisr
1040 2635 1328 2720 conuenienter
1361 2635 1460 2719 viuit
1487 2632 1642 2743 imperii

336 2752 481 2841 status,
523 2766 598 2825 nec
616 2746 728 2837 Deo,
751 2772 825 2829 nec
854 2749 1124 2847 conscientiae,
1140 2774 1213 2835 nec
1241 2746 1478 2835 hominibus
1504 2750 1647 2834 iniuste

260 2880 284 2940 ,·
337 2860 458 2979 egisse
477 2852 604 2946 videri
631 2857 777 2969 potest.

351 3383 355 3391 .
453 3310 525 3397 Ast
545 3304 664 3396 obiici
686 3305 804 3403 solet,
822 3307 1042 3422 coniugem
1068 3308 1206 3395 mariti·
1223 3302 1419 3394 subditam
1441 3330 1528 3395 non
1551 3297 1642 3401 esse,

334 3422 512 3534 ideoque
534 3421 706 3507 inuitam
722 3446 857 3514 coram
877 3423 966 3506 eius
982 3423 1146 3535 iudiciis
1169 3428 1266 3509 stare
1288 3424 1525 3519 non-teneri,
1539 3416 1644 3509 must

312 3643 316 3656 Ι
337 3562 385 3625 to
399 3535 645 3623 verominus
662 3532 928 3622 eam-alterius
944 3534 1073 3625 subiici
1104 3542 1213 3648 poffe
1228 3536 1385 3626 iudicio.
1442 3536 1540 3625 Inde
1555 3558 1644 3617 eam

286 3699 298 3727 ι
339 3650 390 3737 ad
419 3649 611 3737 iudicium
640 3644 824 3735 vocatam
838 3644 992 3760 absque
1024 3651 1261 3761 praeiudicio
1285 3681 1370 3737 non
1396 3672 1642 3762 comparere,

339 3764 468 3867 necin
485 3764 776 3850 contumaciam
792 3761 886 3852 ferri
911 3766 1021 3875 posse
1034 3760 1280 3864 sententiam,
1305 3767 1407 3852 dum
1427 3786 1643 3860 contumax

338 3904 425 3966 non
451 3879 511 3977 fit,
536 3880 606 3989 qui
627 3902 760 3966 coram
782 3880 1084 3991 incompetente
1109 3882 1146 3969 se
1164 3880 1385 3970 hatrddstit
1411 3879 1554 3975 iudice,
1579 3901 1642 3963 to·

337 4017 512 4104 tumque
534 3990 725 4083 iudicium
742 3990 933 4081 nuditatis
944 3991 1135 4083 ,laborare
1173 3997 1282 4081 vitio.
1315 3996 1409 4105 ιΛΠ
1445 3992 1565 4081 facilis
1592 3986 1644 4079 od

336 4105 589 4201 haecomnia
614 4108 692 4199 erit·
710 4108 926 4223 responsio.
970 4110 1084 4243 'Nam
1105 4111 1261 4225 imperii
1293 4110 1418 4199 ssatus
1440 4107 1643 4220 cumpeti-

842 4254 853 4317 ξ
968 4295 997 4309 .-
1577 4244 1647 4308 C'de
1734 4264 1742 4271 ·
