3759 4784
447 237 451 247 ’
577 274 583 289 ,
711 224 901 330 priefertiin
922 231 1225 369 Germanorum-s
1296 302 1298 307 .
1401 294 1419 307 -
1517 250 1600 333 247

249 339 446 518 episcopi
464 346 661 489 cainone
679 397 957 488 nasamone
972 403 1015 488 aa
1036 399 1227 515 proprios
1257 394 1437 489 iubatos·
1462 372 1504 488 ei
1522 407 1592 490 aa·
1663 460 1666 463 -

261 542 342 608 tus
356 516 622 628 provinciales
652 514 909 629 euangelicos
924 544 1012 603 non
1035 515 1226 627 gaudent,
1243 506 1319 603 ¹nisr
1337 545 1424 601 eam
1437 510 1590 605 habue-
1633 507 1638 519 ’
1772 590 1776 600 .

148 722 157 727 ,
263 635 345 723 rint
363 632 405 715 in
429 658 539 714 anno
561 628 805 726 decretorio,
832 630 1070 717 immoliret
1086 658 1175 715 eam
1191 632 1232 717 in
1252 628 1359 717 diuo
1375 626 1591 719 habuerint
1679 620 1704 721 f

86 770 91 780 ·
138 812 144 825 .
185 750 223 771 ““
266 760 389 841 anno,
414 768 609 831 eatauuen
630 745 688 827 vti
703 765 914 855 nequeunt
940 746 983 829 in
1009 739 1189 843 subus,
1222 746 1292 857 qui
1313 749 1590 859 Augustanam

266 852 561 947 conseffionem
590 857 984 969 protestantiumque
1011 856 1203 971 dogmata
1226 880 1477 949 concernunt
1505 856 1528 967 (
1535 856 1589 966 1),
1654 920 1658 929 .

266 970 508 1093 qpalesusunt
535 971 894 1070 matrimoniorum
920 970 1280 1085 diuortiorumque
1296 975 1458 1069 caussae,
1480 971 1587 1057 mul·

266 1082 475 1175 to'minus
488 1112 591 1169 vero
602 1086 795 1197 pontifex·
807 1086 879 1169 scu
902 1085 1070 1196 episcopi
1085 1082 1400 1193 iurisdisiionem
1422 1087 1465 1171 in
1480 1086 1593 1196 prin·'

267 1199 439 1303 cipiliam
456 1196 462 1271 Ῑ
468 1197 741 1313 euangelicam
759 1198 936 1309 eiusque
960 1201 1327 1289 matrimonialibus
1346 1196 1483 1289 caullis
1512 1193 1586 1315 sibi

264 1312 461 1403 vindicare
491 1331 687 1424 poterunt
708 1337 858 1399 contra
871 1313 977 1399 clara
1017 1317 1122 1423 pacis
1156 1312 1288 1403 verba.
1349 1388 1351 1393 .
1387 1310 1586 1413 Tandem
1701 1342 1706 1349 ’

208 1468 215 1477 ’
262 1426 470 1519 summum
495 1425 636 1513 exinde
659 1428 905 1512 enasceretur
919 1426 1171 1528 scandalum,
1212 1432 1239 1512 s1
1270 1428 1433 1539 nuptiae
1448 1430 1584 1515 secun·
1625 1456 1630 1461 ·

169 1560 176 1565 ’
233 1561 239 1580 ‘
263 1543 365 1629 dum
382 1541 460 1656 Dei
477 1562 683 1651 praecepta
705 1540 884 1655 legitime
909 1543 1126 1639 contrado,
1159 1544 1282 1628 toties
1303 1542 1461 1629 dissolui
1485 1570 1581 1652 pos·

261 1659 361 1753 sent,
389 1654 552 1764 quoties
569 1656 714 1738 coniux
731 1656 866 1739 uxoris
891 1655 1091 1763 pertaesis
1107 1652 1155 1741 ad
1174 1654 1366 1771 catholica,
1385 1658 1585 1751 transrens„

125 1859 130 1869 .
264 1764 470 1859 castrasub
488 1764 713 1877 pontificiae
734 1789 945 1879 praetextu
965 1764 1251 1877 prohibitionis
1281 1767 1330 1852 ad
1351 1766 1583 1873 diuortium
1640 1829 1655 1868 „

263 1902 414 1997 ageret,
443 1880 497 1963 in·
510 1881 732 1990 periculum
755 1879 1019 1977 adduceretur
1041 1882 1146 1967 fama
1170 1882 1355 1995 coniugis
1387 1878 1583 1968 innocen?
1664 1876 1667 1885 ’

207 2066 213 2077 .
260 2001 329 2094 tis,
344 1993 400 2079 ob
415 1991 605 2107 illustrem
622 1992 1070 2094 omninoconseruanda
1085 1995 1375 2094 conditionem,
1404 1994 1592 2102 liberies-
1635 2036 1638 2047 ⁵
1679 2042 1685 2055 ι

259 2106 500 2199 huiusmodi
512 2109 775 2195 matrimonio
789 2112 983 2219 procreati
999 2106 1248 2219 irreparabile
1263 2108 1578 2215 sentirent'dam·
1619 2130 1621 2146 ’

165 2269 175 2279 ’
259 2221 377 2328 hum,
411 2222 508 2307 imo·
525 2224 707 2335 integrae
737 2220 948 2305 illustrium
972 2222 1140 2307 familiae
1163 2222 1509 2312 confunderentur
1537 2240 1582 2307 et

257 2349 352 2453 erga
369 2338 407 2424 se
429 2338 604 2422 inuicem
631 2354 1007 2447 commonerentur.
1117 2338 1203 2422 Hae
1230 2362 1328 2420 vero
1360 2334 1457 2419 tales
1484 2334 1578 2421 sunt
1696 2392 1698 2394 ·

255 2454 418 2549 ornae,
445 2477 548 2561 quae
583 2478 631 2535 ex
649 2450 726 2561 ipsa
752 2446 1057 2561 pontificiorum
1090 2448 1270 2535 dosirina
1293 2452 1384 2557 (m)
1411 2442 1577 2558 pontifi·
1722 2456 1728 2465 ”

254 2594 344 2655 cem
380 2560 593 2682 obligant,
646 2563 695 2651 ad
729 2561 1025 2651 conseruandas
1055 2562 1257 2656 mediante
1290 2560 1576 2676 dispensatione

254 2679 427 2797 nuptias.
502 2690 508 2726 ³
641 2731 644 2734 ·
772 2730 778 2737 ·
902 2794 977 2881 XV
1419 2712 1424 2722 ¹
1530 2724 1535 2733 ·

149 3004 157 3016 ,
371 2906 508 3021 Magis
527 2930 626 2991 vero
642 2927 706 2991 res
729 2800 854 2991 videtis
875 2915 1006 3019 potest
1026 2901 1147 2993 dubia
1167 2906 1210 2993 in
1237 2905 1571 3021 posterioricasu,
1701 2918 1704 2923 '

237 3024 340 3130 'quo
354 3050 433 3106 vna
451 3050 497 3107 ex
515 3020 706 3132 personia,
733 3021 1040 3108 matrimonium
1064 3022 1152 3105 iure
1175 3022 1368 3105 canonico
1402 3018 1457 3105 ob
1480 3044 1569 3131 gra·-

255 3130 386 3217 duum
403 3136 700 3243 proximitatem
719 3130 990 3244 prohibitum,
1006 3131 1354 3247 ingredientibus,
1380 3130 1586 3219 initmm·

212 3323 221 3355 p
255 3246 335 3329 iam
353 3265 539 3353 tempore
557 3249 792 3359 nuptiarum
812 3243 1047 3333 catholicam
1065 3244 1234 3356 professa
1248 3248 1303 3332 est
1318 3244 1569 3359 religionem.

201 3429 207 3437 ,
247 3361 349 3446 'Hoc
368 3357 476 3442 enim
499 3359 583 3442 casu
606 3358 656 3446 ab
680 3362 796 3447 initio
824 3362 952 3446 statim
986 3359 1189 3477 graduum
1218 3360 1452 3473 proximitas
1485 3380 1571 3472 tan·
1711 3420 1713 3423 -

255 3499 379 3584 quam
401 3468 738 3578 impedimentum
771 3472 924 3575 adsuit,
964 3476 1077 3588 quod
1100 3474 1258 3583 nuptias
1282 3502 1329 3559 ex
1353 3470 1569 3559 catholico·
1670 3542 1682 3549 „

248 3612 346 3671 rum
365 3583 489 3667 saltim
518 3586 715 3697 principiis
738 3584 868 3674 reddit
896 3589 1039 3677 nullas.
1119 3584 1396 3674 Nihilominus
1431 3609 1568 3679 tamen
1708 3698 1711 3703 1

176 3741 179 3752 ·
249 3697 451 3791 subsistere
473 3716 658 3809 putarem
686 3698 928 3791 huiusmodi
951 3701 1280 3801 matrimonium,
1307 3702 1411 3791 inter
1442 3705 1567 3811 status
1641 3794 1649 3799 ,

899 3868 902 3879 ·
1470 3817 1502 3902 1.
1517 3814 1569 3903 R.

298 3996 356 4093 (l)
381 4006 451 4073 Pax
474 3994 608 4070 asnabr.
626 3998 662 4065 t„
682 4018 709 4068 c.
915 4027 919 4034 ·
1242 4022 1250 4033 ·
1453 4054 1457 4059 .

299 4102 366 4196 (m)
392 4122 597 4172 aaanossc
623 4088 674 4169 ad
697 4093 1069 4197 concurramus
1092 4094 1224 4173 llilllll.
1245 4092 1286 4169 da
1303 4098 1431 4197 rasam
1454 4102 1564 4169 natur.

358 4222 456 4277 matr.
476 4198 595 4280 CM
