3759 4784
346 289 421 370 tto
671 235 745 364 u).
765 261 831 342 ttt.
862 267 1006 353 auu
1022 261 1175 340 numu
1188 263 1354 360 mooun

339 429 651 558 mgrpugrstber
677 429 880 518 Bebtiintnis
913 431 1137 552 zugetbaner
1171 431 1303 520 Stinde
1328 427 1491 517 iibiiebert
1512 438 1659 522 Princi-

335 559 418 670 piis
421 557 555 671 gemis
572 545 788 666 abgffaffete
803 546 928 633 recbtl.
957 547 1159 632 Gutacbten
1178 544 1460 656 einzuscbicben·

858 735 897 837 §-
950 731 1128 818 XXXIV.

451 877 631 962 Renatus
670 867 955 986 Lothatingiae
985 871 1068 958 dux
1092 872 1257 960 duxerat
1281 872 1324 958 in
1348 875 1656 962 matrimonium

243 1070 248 1079 ,
337 997 533 1084 Ioannem
541 987 776 1076 flamniam
792 1009 832 1073 et
848 1013 919 1100 per
936 989 1032 1075 οᾶο
1046 1015 1289 1076 annostum
1304 987 1654 1078 eademvixeratin

337 1105 624 1202 matrimonio,
650 1105 783 1215 postea
800 1132 914 1204 vero,
931 1127 1057 1216 prout
1069 1104 1260 1189 sententia
1273 1099 1409 1202 habet,
1429 1101 1485 1188 ob
1507 1132 1650 1218 corpo-

336 1225 391 1310 n's
413 1219 752 1332 impedimentum
770 1245 841 1326 per
864 1219 1088 1304 Innocentii
1114 1221 1224 1302 Vlll.
1255 1218 1487 1302 sententiam
1515 1247 1575 1330 pr.
1589 1219 1649 1306 lit

335 1331 452 1426 Febr.
472 1333 782 1420 MCDLXXXV
785 1333 854 1416 111.
882 1327 930 1416 ab
954 1331 1094 1416 endem
1121 1331 1198 1419 fuit
1219 1331 1429 1442 sepumtuS.
1482 1333 1650 1418 Senten

339 1453 450 1546 tiam,
474 1475 577 1560 quae
595 1446 698 1530 vatia
726 1447 907 1532 continet
944 1445 1155 1560 singularia
1198 1442 1263 1530 hic
1293 1441 1533 1530 exhibemus
1567 1457 1648 1556 (s):

337 1569 558 1652 Innoceruiut
579 1561 781 1680 Episcopus,
801 1565 931 1646 Seruus
944 1565 1133 1646 Seruarum
1150 1563 1235 1664 Dei,
1257 1559 1309 1642 ad
1320 1563 1497 1663 firturom
1512 1569 1569 1644 rei
1580 1591 1651 1645 me-

338 1684 501 1766 morium.
557 1681 597 1762 Si
618 1701 709 1794 quae
735 1671 866 1758 iudicio
880 1679 954 1758 rite
974 1697 1012 1758 et
1041 1671 1137 1758 rede
1164 1680 1407 1758 terminantur
1421 1733 1434 1776 ,
1445 1675 1566 1778 firma
1588 1671 1649 1759 de·

337 1791 420 1886 bene
447 1815 483 1874 et
507 1785 649 1874 illibata
668 1785 877 1905 persuiere,
900 1813 937 1870 et
966 1815 1011 1870 ne
1034 1793 1074 1870 in
1106 1784 1237 1890 restim
1265 1795 1533 1902 contemptionis
1547 1789 1648 1891 scru-

335 1905 457 2028 pulum
474 1901 695 2003 relabantur,
711 1897 905 2016 Apostoliea
929 1905 1091 1984 conuenit
1108 1897 1286 2014 praefidio
1306 1907 1529 1984 communire.
1583 1911 1649 1988 Sa.
1712 1952 1722 1964 ·
1842 1928 1843 1945 ¹

339 2047 383 2106 ne
402 2041 470 2134 pro
483 2039 595 2132 parte
613 2011 821 2116 diltdifilii
843 2008 973 2096 nobilis
1000 2019 1085 2096 Viri
1102 2018 1237 2098 Renati
1257 2019 1409 2098 Heurici
1434 2020 1560 2100 Ducit.
1580 2024 1673 2102 [οι.

336 2129 546 2248 thuringiae
567 2121 665 2212 nabis
681 2147 793 2242 nuper
808 2120 974 2208 exhibita
994 2123 1348 2242 petitiacouttnebat,
1364 2128 1458 2246 quad
1469 2129 1647 2245 timide,

337 2251 403 2367 qui
423 2273 500 2330 cum
521 2237 649 2326 dileda
664 2248 702 2324 in
732 2236 868 2344 Christo
883 2241 981 2326 Filia
1001 2237 1113 2324 nobili
1125 2241 1272 2326 muliere
1298 2247 1431 2328 launna
1444 2242 1486 2324 de
1507 2241 1649 2328 Hortu-

266 2345 297 2371 “
339 2367 403 2446 ria
432 2357 546 2442 incola
579 2355 646 2440 iaci
669 2354 908 2459 uernum,
952 2357 1118 2457 Tullensts
1144 2355 1341 2458 Dioecefis,-
1368 2360 1647 2442 Matrimonium

336 2497 404 2592 per
427 2467 536 2558 verba
559 2467 601 2554 de
619 2473 800 2586 praesenti
814 2493 1063 2573 contraxerat,
1091 2493 1127 2551 et
1146 2492 1215 2584 per
1231 2495 1386 2584 qtratuor
1398 2496 1564 2554 annotet
1591 2471 1646 2555 vl·

295 2602 302 2618 ‘
339 2611 403 2670 tra
429 2590 486 2669 rei
509 2585 686 2700 commati
710 2603 852 2698 operum
867 2580 981 2667 danda
1002 2611 1080 2668 cum
1098 2583 1163 2665 iliu
1179 2579 1468 2687 cubabirouerat,
1496 2589 1648 2700 ‘propter

336 2693 508 2818 quoddam
530 2694 811 2809 impedimentum
826 2703 987 2813 corporis
995 2701 1193 2814 praefatae
1209 2702 1386 2794 Ioanrtae,‘
1414 2720 1417 2722 ’
1439 2695 1484 2782 od
1494 2699 1649 2782 Medici·

338 2839 419 2896 rum
443 2804 603 2916 artificio
622 2809 699 2892 tolli
720 2804 905 2924 nequibat,
932 2814 1198 2893 matrimonium
1214 2723 1567 2897 mimmodbmmd
1591 2843 1649 2896 ro-

336 2925 423 3040 pulo
447 2921 632 3008 ordinarie
645 2947 712 3004 non
722 2942 892 3036 potuerat
907 2923 1156 3029 tarrfirmmara
1173 2947 1210 3006 et
1220 2946 1291 3039 per
1310 2925 1404 3010 aiios
1415 2951 1571 3044 quatuor
1582 2953 1648 3010 un-

338 3071 402 3126 uor
416 3071 441 3135 a
457 3032 715 3124 cobabr'mtione
731 3063 807 3118 tum
822 3037 887 3121 iila
901 3032 1134 3142 abstinuerat,
1143 3034 1372 3157 mpiebutque
1382 3047 1497 3125 Pater
1503 3041 1597 3138 effici
1605 3041 1651 3125 li-

337 3149 513 3255 berorum,
527 3175 564 3233 et
587 3179 664 3234 cum
687 3149 812 3268 ab'qua
839 3151 917 3236 alia
939 3151 1087 3247 muliere
1107 3155 1427 3238 matrimonialiter
1457 3156 1619 3268 capulari
1631 3183 1650 3244 2·

337 3295 461 3380 tuma
484 3265 657 3346 nonnullis
669 3263 889 3376 firnplicibus
904 3270 1133 3376 affirmatur,
1152 3274 1264 3382 ipsum
1279 3269 1482 3382 praefatae
1497 3273 1648 3352 Itomae

338 3375 476 3466 vincula
501 3377 771 3458 Matrimoniali
801 3379 1104 3491 aflridurufore‚
1123 3403 1159 3466 et
1180 3409 1258 3464 cum
1279 3381 1356 3465 alia
1390 3382 1538 3468 muliere
1558 3390 1649 3466 bia·

336 3493 543 3577 trimonium
572 3485 780 3572 contrahere
802 3517 869 3571 nau
879 3495 970 3600 paffe
984 3518 1020 3574 et
1031 3494 1074 3597 st
1092 3491 1341 3600 contraheret,
1360 3495 1497 3610 prolem
1523 3485 1649 3614 'legiti-

333 3631 430 3694 umm
451 3633 517 3688 uon
539 3601 622 3710 effe:
648 3599 711 3686 Ad
732 3597 970 3707 obstruendum
985 3635 1052 3690 ora
1072 3607 1286 3725 loquentium
1302 3605 1505 3694 Venerabili
1515 3614 1650 3714 freni

1532 3723 1648 3828 nolint

387 3909 710 4086 (s)gbt1:5ritr;ltlltbia
724 3914 757 3986 in
771 3937 905 3990 utute
929 3938 1139 3994 contenet
1163 3881 1433 4095 obstrzagionsstir
1446 3896 1651 4042 ’Ῐῖὸιγζοξνεᾶε

379 4173 385 4180 .
445 4115 479 4188 Ia
495 4039 687 4210 ‘Grbseaelogii
697 4037 740 4182 db
751 4027 1649 4224 bd'mmssntbbrcrbibtb·Tagabredbqeotbopebzbilglbdug

452 4237 506 4287 ur
530 4227 657 4290 nont.
684 4222 781 4311 corps
794 4216 875 4317 dipl.
889 4221 933 4292 T.
948 4223 1004 4302 111.
1025 4223 1060 4298 P.
1068 4225 1108 4295 11.
1122 4247 1156 4321 p.
1173 4237 1255 4335 173.
