3759 4784
477 279 483 289 Ι
537 282 663 377 xearm
684 278 890 379 Germaniam
906 287 1074 404 fidorum
1090 290 1248 407 tampad-
1493 320 1564 404 tss'9
1616 274 1625 313 i
1693 320 1697 337 '

243 446 364 575 fote,
389 468 439 561 rt
458 461 735 595 lec'tindumle
750 472 1004 573 iudicaretur,
1034 458 1282 591 Campegius
1297 476 1338 562 in
1353 474 1437 587 ipso
1452 502 1557 588 pro.
1626 508 1628 519 ·

238 622 290 711 pe
305 591 471 704 vestigi0
487 587 656 674 intutae
677 588 757 673 iam
774 587 1045 689 iudicationis,
1067 593 1228 677 monitu
1250 588 1449 703 pontificis
1477 612 1556 678 ter-

242 706 430 909 qquersari
454 702 609 813 eoepit,
628 724 670 789 et
692 704 997 815 procrastinare,
1019 705 1134 790 euius
1148 705 1318 817 quidem
1334 705 1390 789 rei
1405 703 1555 815 caulam

292 815 515 915 Medicum,
525 816 746 915 Caesarem,
756 816 1172 907 Catharinae'esorore
1181 840 1392 932 nepotem,
1408 819 1471 905 eui
1486 844 1558 931 per

244 935 395 1032 ltaliam
405 960 499 1019 eum
508 932 645 1017 omnia
653 930 815 1016 felititer
823 933 1145 1033 euenIrent,eum
1154 962 1240 1023 non
1249 936 1486 1020 eIsetemere
1495 930 1556 1017 of-

246 1046 498 1165 rendendum
510 1044 757 1131 credebatur.
773 1048 1026 1163 Campegius
1037 1050 1186 1165 itaque,
1197 1048 1359 1135 nullate
1371 1046 1560 1160 perfeila,

243 1164 415 1256 nonime
425 1157 595 1246 maxima
604 1162 709 1275 regis
720 1160 941 1248 offenfione
957 1160 1122 1250 tandem
1139 1164 1307 1252 discedit.
1323 1168 1407 1251 Rex
1420 1186 1576 1248 autem-

246 1308 299 1370 ne
324 1276 422 1391 quid
441 1298 596 1361 temere
625 1275 831 1360 videretur
867 1304 1006 1391 agere,
1036 1282 1164 1365 ntisfis
1193 1280 1451 1366 internunciis
1485 1300 1559 1389 per
1621 1367 1624 1379 ,

186 1486 190 1493 ,
246 1388 437 1488 Galliam,
484 1390 661 1487 Italiam,
698 1390 978 1491 Germaniam,
1023 1396 1196 1507 exquirit
1237 1393 1559 1507 Theologorum
1606 1456 1610 1464 1
1687 1458 1694 1469 .

242 1506 475 1601 sementim,
494 1522 536 1590 et
559 1504 785 1591 Parifienses
804 1504 969 1617 quidem
990 1506 1232 1595 videbantur
1248 1509 1471 1595 diuortium
1490 1536 1557 1619 ap·

244 1621 441 1741 probare,
465 1646 551 1705 non
568 1620 650 1703 stne
671 1619 892 1735 largitionis
915 1622 1128 1733 opinione,
1158 1626 1256 1709 ficut
1282 1624 1341 1707 alii
1365 1624 1557 1735 plerique.
1616 1696 1621 1710 .

242 1744 360 1829 Dum
383 1757 519 1817 autem
543 1732 778 1830 Woffieus,
803 1738 873 1846 qui
896 1758 1012 1821 antea
1046 1736 1210 1825 diuortii
1240 1740 1381 1823 audior
1410 1736 1557 1831 fuerat,

246 1844 599 1966 aalmaduettetet‚
631 1848 746 1958 quod
766 1850 964 1935 Hemicus
995 1852 1154 1938 Annam
1179 1854 1375 1939 Bolenam
1403 1852 1443 1933 itt
1474 1874 1575 1931 mae

246 1962 485 2055 trimonium
506 1959 653 2047 ducere
672 1963 714 2046 in
737 1962 881 2051 animo·
898 1963 1093 2066 haberet,
1130 1988 1264 2054 mutat
1286 1965 1557 2079 propostam,

247 2102 291 2170 et
307 2078 415 2197 datiss
427 2074 490 2159 ad¹
563 2074 740 2163 ntificem
763 2078 1083 2180 litteris‚monet,
1101 2110 1151 2169 ne
1171 2082 1395 2171 diuortium
1414 2100 1558 2193 appro-
1603 2099 1606 2108 ’

181 2223 184 2228 ’
244 2199 334 2290 bet:
364 2218 460 2277 nam
508 2190 627 2305 ''oqui
653 2191 858 2289 fututum,
886 2217 931 2277 vt
954 2193 1191 2283 Catharinae
1215 2196 1391 2283 succedat
1424 2195 1559 2287 altera,

167 2352 185 2393 ·,
244 2324 347 2427 quae
371 2302 540 2393 Lutheti
561 2304 607 2390 stt
630 2303 775 2391 infeila
803 2305 1010 2421 dogmate.
1065 2308 1199 2423 Qtod
1221 2306 1384 2409 vbitex
1406 2334 1478 2416 per
1503 2306 1574 2389 le·¹
1665 2378 1667 2381 ,

277 2448 389 2510 atum
411 2418 553 2517 sutura,
587 2421 657 2533 qui
679 2442 779 2507 tunc
800 2424 955 2507 Romae
985 2444 1089 2523 erat,
1117 2427 1282 2532 accepit,
1310 2444 1560 2541 magnopere
1646 2480 1648 2487 ·
1686 2453 1692 2481 ν

222 2450 323 2635 {ait
337 2536 513 2657 offensus
534 2537 643 2642 (m).
695 2536 883 2624 Pontifex
904 2536 1068 2641 autem,
1091 2560 1135 2625 vt
1158 2538 1380 2626 discedendi
1405 2536 1558 2621 eausam
1599 2606 1606 2627 ,.

244 2655 416 2767 aliquam
434 2650 684 2763 Campegius
700 2647 883 2749 haberet,
900 2650 1012 2737 litem
1028 2650 1076 2739 ad
1092 2654 1128 2739 se
1143 2656 1369 2755 reuocauit,
1389 2676 1428 2739 et
1443 2647 1559 2761 quod
1616 2762 1619 2767 Ι

241 2774 383 2871 Annae
404 2766 522 2877 tonitr
555 2766 565 2784 '
598 2792 642 2852 m
658 2757 727 2849 fibi
746 2766 1014 2882 pernitiosum
1044 2766 1362 2869 esle'futurum,
1390 2766 1558 2862 videret,

242 2912 382 2997 regem
405 2873 518 2965 subin
594 2901 762 2981 monet,
786 2908 831 2966 ac
855 2882 991 2969 animo
1016 2884 1135 2971 etiam
1154 2886 1331 2985 territat,
1348 2906 1402 2969 ‘vt
1422 2878 1470 2968 ab
1496 2881 1556 2967 irt-
1597 2919 1601 2925 ·

241 3003 381 3086 Ilituto
396 2996 561 3082 deststat.
650 2994 654 3000 '
1137 3001 1149 3033 “

193 3197 195 3202 .
348 3208 352 3216 ,
488 3154 493 3159 ·
695 3145 697 3148 ·
812 3116 850 3214 §.
885 3114 992 3198 LIII.

259 3239 273 3297 .·
339 3224 630 3309 Ileetfautem
652 3248 719 3309 tex
743 3247 786 3308 et·
805 3224 1061 3313 PraeIuIeaa·
1074 3229 1178 3340 Papa
1195 3248 1392 3347 peterent,
1401 3244 1446 3314 vr
1460 3218 1556 3329 hoe,

245 3330 362 3447 quod
384 3333 611 3458 pleraeque
652 3334 885 3424 Academiae
921 3340 1075 3428 etzfer'e
1110 3368 1259 3431 omnes
1286 3344 1414 3431 totius
1440 3338 1557 3451 tegni

244 3448 424 3559 Episcopi
442 3447 604 3537 decreto
622 3451 696 3535 Ilto
716 3450 1054 3558 adlinnat'r'erant,
1095 3455 1375 3547 confirmaret,
1405 3457 1474 3539 iste
1497 3475 1554 3535 ta·

244 3574 341 3649 men
367 3560 570 3649 renuebat
623 3568 728 3653 Hine
745 3562 795 3653 de'
812 3572 970 3660 ¹tatione
993 3575 1257 3686 cognoscendi
1284 3572 1557 3679 iuditiumque

242 3676 285 3771 in
301 3677 411 3763 eausa
430 3674 592 3763 diuortii
613 3679 860 3783 instituendi,
881 3686 943 3770 sex
966 3710 1080 3772 totos
1099 3690 1252 3775 menses
1269 3716 1289 3771 a
1305 3687 1443 3802 legatis
1461 3708 1556 3771 con·
1587 3703 1589 3711 ’
1612 3752 1616 3761 .

241 3782 482 3902 lult'abatun
504 3796 579 3877 nee
602 3793 706 3909 aliud
731 3796 955 3911 quidquam
987 3798 1202 3915 agebatur,
1240 3804 1306 3889 nist
1341 3794 1456 3913 quod
1486 3824 1554 3880 rex
1650 3794 1694 3879 '.

241 3906 457 4002 saaduerfa
478 3906 597 4001 iama-
612 3905 790 4003 laborare
816 3915 1041 4031 intelligens
1064 3914 1171 4001 aoud
1204 3912 1408 4009 subditos,
1445 3936 1556 4021 prae·

195 4138 199 4143 .
242 4024 378 4119 nunt
382 4033 489 4109 *veto
499 4022 699 4112 mulieres
713 4052 887 4145 propter
908 4028 1014 4115 hanc
1037 4032 1234 4150 afflonem
1265 4033 1397 4145 (quast
1420 4026 1554 4115 insamo

62 4235 66 4244 .
253 4154 365 4203 ⁴³³·
797 4150 1018 4269 Jwr'la3
1314 4238 1321 4249 ,
1487 4140 1622 4251 pe-‘

288 4284 356 4366 (m)
380 4298 619 4380 etrtoauvs
645 4278 697 4357 tl.
