3759 4784
190 282 194 292 ’
332 261 412 351 360⁶
515 326 522 337 .
652 261 727 353 erp.
743 256 808 327 111.
822 258 905 329 see,
927 258 974 330 11.
1004 251 1157 327 prumia
1170 250 1335 351 westrem

325 410 601 527 distribuendis,
627 426 792 507 auaritia
824 444 862 505 et
889 416 1084 507 ambitione
1115 418 1332 555 praefidibrt
1366 440 1579 538 perperam
1604 422 1659 511 id-

324 534 501 655 agnosrat.
582 542 727 621 Potiori
747 538 825 619 'eren
843 536 987 619 ron'ooe
1008 536 1196 621 tulerim
1221 566 1282 619 not
1302 532 1396 619 edem
1411 534 1584 623 iudicium
1601 536 1644 623 de

323 651 516 735 maltorum
544 653 769 769 irrogatione
781 710 794 754 ‚
819 656 977 735 maxime
1005 646 1133 769 quibus
1160 654 1349 765 principes
1377 644 1641 765 corripiuntur.

323 772 423 851 Nam
439 764 479 845 in
496 760 625 846 decliui
636 762 837 869 seculorum
860 774 936 880 qro'
945 768 1118 867 uiuimus,
1134 787 1170 848 et
1195 764 1278 847 Zela
1291 769 1475 879 primaeuo
1490 790 1642 873 morem,

323 886 393 965 vix
423 882 547 993 Papae
561 881 730 979 inuenies,
747 904 896 993 quorun
915 883 1057 961 anitius
1077 874 1222 979 ardeat,
1251 902 1437 993 magam
1449 878 1642 993 percellere

326 993 396 1097 rufi
411 996 559 1074 nimium
577 988 755 1104 peruersis
770 991 995 1096 consternens,
1011 986 1510 1079 iraetvinliliaconcitetur.
1554 994 1637 1079 De·

231 1161 235 1170 ·
321 1104 416 1195 inde
435 1098 599 1219 pergite
612 1102 817 1215 primaeua
837 1102 963 1189 secula
985 1103 1226 1216 ignorauere
1255 1106 1640 1191 excommunicatio-

322 1250 411 1317 nes,
441 1216 556 1330 quod
577 1214 816 1303 Ambrosius
846 1216 1084 1301 Theodosio
1120 1216 1279 1313 fecerit,
1304 1243 1390 1302 non
1424 1214 1536 1303 fuiffe
1575 1245 1640 1303 ex·

323 1330 819 1430 communicationem,sed
836 1328 1105 1417 verecundam
1129 1330 1464 1418 admonitionem.
1500 1333 1638 1446 Origi-

323 1468 420 1538 n'em
436 1448 574 1559 potius
588 1446 1032 1537 excommunicationes
1042 1470 1180 1557 capere
1194 1473 1245 1531 ex
1257 1442 1394 1533 litibus
1409 1446 1516 1531 inter
1529 1448 1657 1540 Hem.

318 1568 453 1653 -ricum
479 1563 550 1647 IV.
579 1562 678 1673 imp.
696 1583 738 1647 et
761 1560 1012 1675 Gregorium
1036 1558 1127 1647 Vll.
1165 1561 1325 1671 Papam.
1407 1558 1642 1649 Concilium

325 1707 426 1767 vero
446 1674 732 1765 Tridentinum
746 1676 1044 1787 frequentiores
1057 1674 1495 1761 enootmnunicationes
1511 1676 1639 1761 sustu·

322 1796 420 1891 sisse,
433 1790 538 1881 hanc
563 1790 728 1901 quidem
748 1788 901 1877 bullam
927 1788 1083 1875 Vrbani
1099 1790 1211 1875 VIII.
1239 1814 1395 1889 nomen
1424 1787 1549 1875 altum
1574 1812 1640 1877 to·

326 1936 435 2002 nare,
460 1905 526 1991 sed
549 1908 668 1991 etiam
690 1902 772 1991 hoc
791 1905 961 1989 nomine
978 1902 1222 2013 compluries
1248 1904 1473 2015 quaesitum
1494 1924 1539 2016 ut
1555 1928 1640 1993 ma·

324 2019 713 2129 iestates,imperiasis
740 2038 782 2102 et
797 2016 990 2104 cadrolica
1017 2017 1226 2129 personam
1244 2039 1285 2102 et
1313 2016 1543 2103 dominium
1566 2012 1656 2105 du·.

323 2165 434 2233 cum,
459 2131 729 2244 diripiendum
750 2132 920 2231 Galliae,
939 2133 1117 2243 pretium
1138 2133 1242 2245 pacis
1256 2126 1560 2244 iniquissnnum,
1573 2127 1656 2251 're-J

325 2254 570 2362 linquerent,
600 2271 724 2361 atque
752 2244 844 2335 hoc
861 2246 1030 2333 nomine
1054 2246 1217 2357 Papales
1253 2246 1430 2333 nuntios
1452 2243 1641 2334 Bichium

197 2432 201 2443 .
325 2390 367 2453 et
390 2364 659 2459 Mazarinum,
682 2360 935 2450 Cardmalem
952 2358 1218 2447 Barberinum
1249 2383 1290 2446 et
1319 2360 1471 2447 Ginetti
1500 2362 1542 2446 in
1567 2358 1656 2465 clo,

320 2469 420 2568 'mus
443 2476 749 2590 Lotharingicae
784 2476 979 2561 damnum
1008 2476 1160 2587 saepius
1192 2470 1439 2575 allaborasse,
1463 2470 1640 2587 indeque

323 2593 454 2683 musas
473 2588 559 2675 odii
588 2590 807 2678 cardinalis
822 2586 1033 2678 'Buberini
1053 2590 1234 2703 exponit,
1259 2611 1382 2703 atque
1403 2590 1525 2701 ipsam
1550 2584 1653 2709 bfll’.

321 2708 403 2795 lam
422 2704 565 2789 scatere
582 2704 836 2791 contumeliis
865 2704 920 2792 in.
942 2702 1064 2791 duces
1083 2704 1267 2794 traditur,
1363 2700 1463 2793 Inde
1486 2698 1639 2791 bullam

323 2818 533 2916 examinat,
554 2816 1031 2929 quaencontradiffionem
1052 2820 1241 2929 inplicet,
1254 2818 1357 2905 dum
1374 2818 1639 2905 dunnetcau·

325 2939 405 3025 sam
426 2931 689 3031 matrimonii,
704 2934 852 3045 Papam
877 2930 955 3017 esse
974 2928 1147 3017 iudicem
1160 2935 1521 3045 incompetentem,
1539 2930 1638 3045 quin

248 3039 253 3048 ⁸
325 3056 412 3141 Leo
437 3047 680 3145 concesserit,
701 3048 768 3133 seu
784 3046 925 3159 potius
955 3042 1255 3135 confirmauerit
1285 3046 1367 3133 hoc
1394 3046 1456 3132 ius
1483 3044 1639 3133 Lotha·

325 3166 477 3299 ringiae
499 3160 689 3261 ducibus,
711 3185 756 3251 vt
777 3185 981 3275 nequeant
1003 3164 1209 3250 conueniri
1230 3163 1273 3249 in
1290 3162 1411 3249 cauns
1428 3161 1638 3247 matrimo-

325 3277 495 3370 niahbus
523 3301 660 3361 coram
681 3275 787 3374 aliis,
811 3282 934 3387 quam
968 3278 1045 3387 suis
1084 3276 1291 3364 ordinariis
1322 3272 1544 3375 iudicibus,
1575 3269 1640 3361 cui

323 3391 510 3503 derogari
532 3410 719 3499 nequeat.
776 3391 913 3475 Bullae
935 3390 1140 3479 falsantem
1164 3390 1311 3491 obiicit,
1339 3390 1443 3477 dum
1459 3412 1545 3479 non
1560 3388 1675 3506 ipse¹

321 3529 418 3595 cum
438 3501 623 3589 Nicolaea
638 3500 775 3587 fecerit
800 3500 1058 3603 (inertium,
1095 3504 1160 3591 sed
1186 3500 1283 3591 haec
1314 3500 1370 3591 ob
1400 3527 1638 3618 perpetuam

323 3620 558 3709 mimorum
580 3614 723 3730 fugam
749 3618 788 3701 se
803 3616 1068 3728 separauerit,
1098 3620 1325 3729 proceffum
1351 3620 1394 3707 in
1424 3620 1531 3707 causa
1552 3644 1645 3702 mm

322 3730 539 3823 trinioniali
561 3728 673 3816 ducis
693 3758 715 3815 a
736 3729 899 3817 diuersis
929 3730 1022 3817 viris
1055 3730 1310 3821 eccsefiasticis
1338 3732 1452 3819 fuisse
1488 3732 1634 3845 adpro·

319 3848 484 3944 batum,
506 3847 794 3960 separationem
819 3846 894 3957 ipsi
921 3844 1141 3933 iniuniiam
1166 3846 1639 3944 nonfuislecanonicam,

318 3963 550 4057 Nicolaeam
582 3988 795 4070 nunquam
816 3962 853 4048 se
879 3959 929 4045 ad
960 3961 1152 4049 iudicium
1179 3962 1357 4051 ecclesiae
1381 3958 1638 4049 subeundum

167 4180 172 4187 ,
268 4172 272 4177 .
320 4075 629 4201 composuisse..
679 4074 779 4165 Inde
805 4072 1161 4194 Archiepiscopum
1182 4074 1497 4173 Mechfinensem
1512 4071 1642 4279 ,ῃῇἛὲ
1749 4073 1795 4117 ·.
