3759 4784
296 312 383 389 mo
640 293 721 388 top.
738 294 784 370 n.
816 273 1041 401 ottonom
1056 258 1097 356 ri
1111 282 1277 379 loannes

167 471 171 479 “
308 492 384 553 tom
401 456 815 577 donisquampromtffls
830 454 998 570 copiosus,
1012 450 1188 537 dominam
1203 450 1303 534 illam
1318 446 1627 554 celeberrimestbt'

307 610 348 667 ro
394 580 471 663 lori
488 572 853 689 Carnoti,prnesentt
869 573 970 685 ‘Rege
983 590 1022 650 et
1046 570 1200 652 Domino
1215 562 1400 667 Ludouico,
1431 564 1621 681 multisque
1686 650 1691 659 ,

243 776 247 784 .
357 685 529 777 tamnus
562 688 882 811 Archiept'scopis,
907 687 1109 801 Episcopis,
1128 704 1166 763 tt
1184 685 1303 799 Regni
1322 672 1538 769 Procert'bts
1565 677 1625 765 dt·

41 782 46 791 ’
131 758 137 786 ¹
277 837 281 854 ¹
309 828 391 894 trote
416 808 636 925 promeruit.

683 947 712 991 ’·
795 984 836 1089 §-
887 974 1142 1063 xmotvm.

431 1120 707 1236 vortigernus
726 1116 949 1205 Britanniae
969 1118 1069 1213 Rex,
1098 1110 1277 1226 Hengisti
1299 1113 1507 1203 Saxonum
1535 1120 1625 1205 Du*

311 1244 368 1331 eis
385 1235 524 1335 filiam,
547 1232 605 1322 ob
632 1230 974 1346 pulchritudinem
996 1233 1161 1315 naturae
1183 1228 1436 1329 miraculum,
1467 1233 1627 1345 conspe

279 1371 284 1384 “
313 1358 436 1451 iiam,
466 1348 649 1434 adamate
671 1348 817 1455 coepit,
848 1345 1009 1457 nuptias
1034 1341 1148 1455 petit,
1171 1366 1324 1453 patrem
1356 1346 1466 1455 quafi
1487 1347 1626 1433 nolen.

195 1478 207 1491 ““
313 1493 401 1559 tem
419 1484 552 1577 vaget,
575 1483 706 1548 rotam
727 1460 912 1547 Cantiam
927 1484 1004 1569 pro
1021 1482 1194 1543 munere
1213 1452 1371 1567 probat.
1440 1459 1626 1548 Celebra-
1668 1495 1675 1509 ¹

145 1642 150 1654 .
313 1584 368 1671 tis
391 1575 456 1666 his
488 1576 639 1688 nuptiis
666 1577 849 1659 onrem
883 1572 1105 1687 legitimam
1134 1567 1331 1681 repudiat,
1368 1598 1417 1657 ex
1440 1602 1521 1685 qua
1544 1596 1627 1663 tres
1694 1598 1701 1617 ·

253 1768 259 1777 .
296 1715 306 1753 ·-
314 1693 491 1807 inclytos
514 1692 691 1777 quenes
714 1707 1007 1800 procreauerat,
1036 1682 1334 1787 Vortimerum,
1362 1684 1628 1803 Categirnum

316 1817 361 1903 et
392 1805 640 1897 Pascentium
677 1810 695 1913 (
736 1809 768 1914 ).

761 1986 832 2120 Ις.
879 1978 1153 2069 monemur.
1239 1964 1246 1977 ’

225 2172 229 2179 “
429 2163 629 2257 ilenricus
650 2162 708 2251 11.
732 2160 818 2251 Rex
856 2160 1090 2278 Anglorum
1112 2158 1280 2249 Adelarn
1309 2160 1505 2255 Ludouici
1539 2168 1630 2261 vn.

204 2313 207 2320 ·
316 2283 532 2377 Gallorum
557 2278 681 2393 Regis
709 2276 846 2376 filiam,
883 2278 1121 2391 iampridem
1151 2276 1320 2363 Ricardo
1356 2276 1441 2367 filio
1463 2278 1633 2393 clespond

315 2402 411 2498 iarn,
427 2426 551 2510 quam
572 2394 651 2506 ipse
672 2417 797 2505 penes
822 2392 873 2489 se,
892 2390 941 2477 ad
963 2393 1073 2503 spem
1096 2393 1275 2509 coniugii
1304 2393 1497 2493 seruabat,
1520 2424 1643 2481 noua.

317 2510 501 2625 quotidie
522 2505 808 2619 impedimenta
829 2507 1029 2603 excusans,
1060 2502 1145 2589 filio
1161 2506 1330 2619 iungere
1358 2508 1409 2593 de
1441 2508 1629 2598 industria

221 2615 226 2627 Χ
316 2622 534 2715 fflfferebae
592 2622 725 2705 Porro
750 2619 869 2705 senex
897 2617 1070 2729 turpiori
1097 2618 1427 2731 intemperantiae
1454 2620 1629 2725 dadino,
1674 2693 1690 2715 .

315 2734 482 2827 mirifice
497 2734 674 2845 puellam
704 2740 851 2830 amare,
873 2757 918 2818 ac
937 2730 1168 2817 multorum
1190 2732 1414 2823 verborum
1437 2735 1641 2827 lllecebris¹

278 2846 284 2855 ’
316 2858 504 2964 stuprum
515 2847 571 2935 illi
589 2844 735 2933 offerre
752 2866 952 2956 coeperat,
982 2847 1046 2943 fic,
1071 2866 1118 2930 vt
1145 2846 1187 2931 ei
1208 2846 1412 2958 pudorem
1468 2852 1642 2943 aulatirn

315 2965 503 3064 soluerit,
552 2957 773 3048 secundum
810 2953 1079 3073 prouerbium
1108 2956 1208 3047 illud
1240 2960 1433 3050 decanta'
1466 2993 1630 3075 rmum3

317 3102 549 3195 corrumpunt
561 3104 677 3162 mores
695 3072 910 3161 bonosmalo
925 3075 1121 3210 colloquia:
1147 3097 1269 3190 atque
1294 3104 1397 3179 eam,
1413 3082 1470 3165 vti
1485 3108 1632 3171 rumor
1690 3172 1695 3176 ,

234 3278 252 3302 ,,
286 3214 416 3291 ¹erat,
443 3194 650 3302 postremo
667 3189 831 3278 vitiauit.
883 3189 998 3275 Hanc
1019 3189 1142 3305 igitur
1164 3214 1327 3277 moram
1355 3192 1505 3281 fraudis
1530 3200 1630 3309 pari-

318 3330 399 3400 ter,
414 3326 537 3415 atque
565 3300 715 3395 sceleris
744 3302 903 3411 plenam
931 3302 1170 3390 Ludouicus
1193 3306 1279 3390 Rex
1307 3306 1514 3395 ferendam
1543 3337 1634 3402 non

317 3412 506 3515 ducebat,
521 3414 595 3525 qui
612 3413 669 3498 vti
693 3414 891 3497 Henricus
904 3414 947 3497 in
963 3418 1256 3508 Normanniam
1271 3416 1395 3521 venit,
1416 3434 1635 3537 ‘antequam

320 3532 466 3622 odium
494 3527 624 3639 palam
653 3544 900 3638 erumperet,
946 3520 1122 3641 longum
1157 3556 1201 3617 ac
1237 3531 1425 3627 familiare
1454 3565 1548 3625 cum
1578 3568 1631 3629 eo
1736 3588 1741 3596 .

316 3642 570 3755 colloquium
598 3635 754 3738 habuit,
782 3640 849 3741 cui
876 3636 950 3739 ille,
971 3642 1153 3749 promisit
1180 3644 1282 3731 intra
1304 3674 1453 3759 paucos
1478 3651 1563 3740 dies
1592 3654 1632 3743 se

315 3758 418 3852 filiae
432 3756 592 3871 nuptias
609 3752 813 3841 iasturum
827 3759 903 3865 (y).
955 3752 1148 3848 Ricardus
1167 3784 1266 3849 vero
1279 3757 1388 3853 flius
1402 3758 1645 3881 appetebat,'

236 4133 245 4149 1
372 4019 1629 4228 (x)TnanvIaonvsnrootnrsPolycletuslilav.pm,mm
1728 4110 1733 4120 .

422 4178 425 4189 ·
465 4180 533 4229 om.
569 4177 636 4248 .p.
664 4170 749 4232 222.
1512 4180 1521 4223 z

367 4258 421 4352 (l)
445 4276 691 4353 mimva
717 4277 950 4333 aaronita
972 4256 1029 4335 lib.
1049 4259 1135 4338 xm.
1162 4286 1197 4361 p,
1220 4282 1305 4361 307,
1456 4295 1462 4307 .
1535 4338 1541 4345 ι
