3759 4784
570 296 715 376 ,regum
734 294 765 349 et
775 276 954 373 principum
969 294 1155 375 amomum.
1304 264 1308 276 ’
1377 349 1383 357 r
1464 310 1542 393 435,
1615 392 1620 399 .

174 454 182 461 ’
210 447 371 541 Traiani
384 446 472 537 Vto
493 427 647 533 Iduum
663 442 833 559 Augusti
852 440 914 529 die
943 444 1101 558 legante
1124 447 1259 562 Syriae
1287 448 1437 547 litteras
1466 464 1534 553 ad.

186 591 192 613 ’
211 562 396 679 optionis
419 558 604 649 celebrari
627 553 748 647 iuffit.
806 558 949 646 Tertio
968 558 1120 647 Iduum
1131 563 1376 669 mundent,
1405 602 1531 685 quan.

214 680 272 769 do
297 700 338 765 et
361 678 532 765 natalem
554 670 784 785 adoptionis
805 668 993 759 celebrari
1018 670 1137 760 iussit
1210 678 1352 768 Tertio
1379 686 1531 785 Iduum

215 792 451 891 earundem,
480 786 644 903 quando
669 810 710 881 et
739 784 910 873 natalem
926 789 1095 899 ¹imperii
1133 790 1301 879 instituit
1331 798 1530 896 celebran-

214 908 346 1009 dum,
363 906 536 994 excessus
561 905 597 989 ei
625 892 783 989 Traiani
811 902 1027 987 nunciatus
1050 905 1117 988 est.
1155 992 1160 996 ,
1197 906 1402 1019 Frequens
1440 922 1529 1012 sane

156 1010 179 1061 ²
216 1024 360 1136 opinio
384 1022 461 1107 suit
483 1020 658 1103 Traiano
679 1015 720 1102 id
741 1016 863 1101 animi
877 1014 1013 1113 fuisse,
1028 1038 1073 1103 vt
1096 1020 1307 1106 Neratium
1330 1026 1529 1140 Priscum,

217 1164 308 1225 non
330 1136 574 1232 Adrianum,
594 1132 852 1217 successorem
869 1129 1144 1241 relinqueret,
1170 1134 1307 1221 multis
1325 1143 1458 1231 amicis
1484 1154 1527 1241 in

218 1252 301 1338 hot
322 1247 685 1345 consentientibus,
721 1270 850 1357 nsque
878 1270 929 1329 eo
951 1264 997 1328 vt
1021 1246 1158 1331 Prisco
1181 1246 1396 1359 aliquando
1421 1259 1530 1350 dixe.
1605 1252 1609 1259 ’

217 1368 285 1464 tit,
308 1362 501 1453 commendo
524 1358 593 1447 tibi
610 1362 840 1475 prouincias,
859 1360 901 1464 fi
930 1356 1021 1475 qnid
1054 1358 1146 1445 mihi
1169 1364 1298 1462 fatale
1323 1380 1528 1490 contigerit.

217 1484 272 1568 Et
295 1478 414 1565 multi
435 1474 600 1589 quidem
620 1473 772 1570 dicunt,
804 1472 1022 1557 Traianum
1050 1472 1092 1557 in
1117 1473 1254 1559 animo
1276 1476 1317 1563 id
1338 1478 1529 1597 habuisse,

217 1618 266 1681 vt
282 1592 468 1702 exemplo
491 1585 701 1673 Alexandri
714 1582 966 1685 Macedonis,
984 1586 1065 1671 stne
1080 1608 1190 1673 certo
1204 1588 1418 1685 successore
1437 1634 1529 1695 mo.
1562 1619 1569 1629 “

218 1730 400 1797 seretur:
446 1699 565 1789 multi
587 1697 635 1783 ad
656 1700 835 1783 senatum
856 1724 955 1783 curn
979 1701 1207 1787 orationem
1217 1703 1383 1795 voluisse
1394 1719 1528 1808 mitte·
1580 1729 1586 1738 '

218 1818 595 1929 re‚petituru1n‚vt
620 1808 764 1923 siquid
790 1811 826 1896 ei
849 1814 1051 1911 euenisset,
1072 1814 1291 1928 principem
1322 1824 1551 1922 Romanae'

222 1931 459 2044 reipublicae
479 1930 635 2015 senatus
658 1924 952 2025 daret‚.additis
982 1926 1172 2016 duntaxat
1194 1934 1451 2042 nominibus,
1479 1977 1527 2032 ex

223 2044 372 2160 quibus
395 2046 598 2155 optimum
622 2040 729 2126 idem
748 2040 904 2139 senatus
928 2041 1104 2157 eligerer.
1162 2045 1247 2130 Nec
1269 2046 1437 2157 desunt,
1460 2066 1529 2172 qui

220 2164 398 2249 factione
413 2159 596 2243 Plotinae
619 2178 789 2242 mortuo
818 2156 896 2241 iarn
922 2157 1095 2241 Traiano
1127 2154 1350 2249 Adrianunr
1385 2170 1426 2255 in
1463 2177 1529 2259 ad.

221 2260 435 2388 optionem
457 2270 655 2356 adsertusn
681 2268 757 2353 esse
780 2266 1057 2377 prodiderint,
1090 2269 1323 2380 supposu0‚
1362 2272 1431 2396 qui
1451 2316 1530 2396 pro

223 2394 397 2477 Traiano
413 2386 505 2471 sessa
522 2412 622 2471 voce
642 2385 918 2494 loquetetur.-
953 2411 1042 2470 nso
1079 2410 1276 2472 cass1vs
1310 2392 1389 2503 (t),
1414 2400 1529 2489 cuius

224 2526 406 2615 excerpta
444 2528 508 2589 ιο.
551 2522 839 2585 xuusntuvs
871 2492 1008 2595 dedit,
1044 2496 1098 2581 ita
1124 2493 1272 2584 scribit:
1320 2506 1534 2602 Hadrianus

225 2626 422 2705 aTraiono
433 2614 624 2730 adoptatus
639 2642 707 2697 non
722 2609 780 2714 est.
833 2616 927 2695 Erat
941 2635 1060 2694 antem
1082 2617 1259 2729 municeps
1277 2622 1367 2725 eins,
1377 2627 1533 2727 fueras.

224 2760 293 2853 que
311 2739 349 2815 in
370 2739 447 2814 eins
470 2734 666 2830 curatione,
682 2754 726 2809 oc
753 2751 830 2806 anm
845 2750 884 2805 eo
899 2723 1052 2807 vinculis
1061 2730 1351 2843 propinquitatis
1366 2742 1537 2840 etafflni.

225 2852 315 2933 tatis
341 2842 543 2930 coninndut
557 2865 649 2949 erat.
706 2844 858 2955 Neptem
888 2842 982 2921 enim
1014 2844 1092 2924 sius
1118 2846 1158 2924 in
1191 2872 1339 2929 uxorem
1366 2850 1566 2963 duxerat,
1596 2887 1600 2892 ·

226 2956 441 3073 degebatque
454 2988 531 3041 cum
549 2984 588 3039 eo
605 2982 702 3038 omne
716 2976 854 3065 tempus
874 2958 1029 3053 aetatis,
1052 2948 1100 3034 ab
1117 2979 1224 3142 capue
1252 2958 1424 3043 Parthico
1450 2966 1537 3051 bello

227 3076 356 3178 «syriae
376 3068 584 3182 praesidius
599 3072 757 3169 suerat:
793 3091 907 3173 aquo
928 3069 1046 3142 tamen
1069 3060 1148 3141 nihi
1189 3062 1293 3147 alind
1309 3082 1540 3191 praempnnm

227 3206 381 3295 unquam
400 3178 565 3261 obtinuit.
646 3186 771 3293 Neque
784 3180 877 3257 enim
894 3177 1080 3287 principio
1097 3173 1216 3279 confirl
1230 3178 1363 3279 sardus
1383 3188 1458 3296 est,
1470 3178 1542 3300 'sed

218 3320 307 3377 enm
329 3290 495 3395 'defundi
530 3298 688 3379 Traiano
700 3288 779 3393 stne
793 3280 945 3389 siban,
965 3292 1165 3393 Attianus,
1180 3296 1246 3405 qni
1266 3302 1539 3417 municepseim

229 3430 333 3504 erat,
347 3428 558 3523 augeturque
568 3406 718 3506 fiaerat,
733 3424 768 3483 et
785 3398 1423 3527 Plotino,qnaeannoreipsauscopta
1442 3445 1538 3526 erat,
1668 3484 1673 3491 1

221 3528 481 3637 imperatorem
510 3518 798 3637 defignauerant,
814 3511 908 3633 qnod
924 3543 992 3597 non
1009 3515 1137 3629 procnd
1146 3511 1283 3623 abefflt,
1297 3522 1538 3646 quodquam.
1670 3606 1673 3613 ,

218 3664 320 3753 giras
335 3638 456 3747 copias
479 3626 635 3715 baberet.
689 3634 919 3745 Apronianus
932 3634 1028 3711 enim
1043 3650 1158 3743 pater
1177 3658 1288 3737 meus,
1309 3645 1374 3750 qni
1387 3644 1538 3730 Ciliciae

230 3749 408 3865 praefuit,
431 3750 561 3861 quique
589 3772 648 3827 res
668 3750 743 3826 eius
764 3768 879 3825 oannes
899 3763 995 3822 certo
1014 3747 1191 3857 cognouit,
1210 3743 1304 3828 mihi
1312 3751 1457 3867 stipula
1478 3788 1537 3843 re.

229 3865 374 3971 ierflit,
404 3882 511 3974 atque
531 3857 618 3939 iliud
629 3861 810 3971 inprimis,
827 3876 975 3937 nasorum
995 3858 1152 3939 Troiani
1172 3869 1241 3955 per
1256 3859 1395 3979 aliquot
1410 3866 1487 3952 dies
1498 3881 1540 3956 in

230 3974 361 4065 occulto
371 3972 498 4083 jmffl‘,
520 3992 561 4053 nt
577 3966 718 4083 adoptio
731 3962 965 4165 prugum:
995 3962 1099 4085 idque
1111 3994 1159 4051 ese
1174 3967 1313 4058 litteris
1326 3982 1405 4063 eius
1418 3980 1538 4068 adSe·

332 4136 334 4144 ι
884 4104 955 4163 00
982 4100 1011 4167 2
1474 4124 1541 4182 na.

143 4258 148 4265 '
280 4241 325 4336 (t)
352 4230 553 4314 Libaxtx.
581 4222 637 4301 sub
658 4226 801 4311 initiunt.
