3759 4784
484 204 524 291 .’
615 252 845 320 mmmm
855 248 1014 347 Exemplis·
1027 248 1198 348 rinnau.
1242 309 1246 319 -
1305 331 1312 368 a
1513 270 1587 349 327
1655 348 1658 357 .

260 417 433 510 tentiam
455 431 699 526 recepturae.
758 415 858 527 Qui
874 417 1071 527 quoniam
1096 439 1267 532 propter
1293 416 1583 526 impedimenta
1630 420 1633 427 ’

259 537 365 621 varia
394 527 614 644 procedere
639 530 937 640 nequiuerunt,
973 533 1210 644 Hugolinus
1238 533 1454 618 Hostiensrs
1486 537 1580 646 Epi·
1678 629 1681 635 ,

261 653 405 761 scopus
424 669 466 732 et
495 649 579 752 Leo
603 645 709 741 tituli
733 643 895 729 Sanslae
925 646 1068 731 Crucis
1092 643 1311 759 Presbyter
1343 647 1580 750 Cardinalis,
1705 735 1712 753 ,

264 764 334 875 qui
350 785 458 848 ‘tunc
485 758 699 872 legationis
728 753 864 844 officio
893 759 934 842 in
949 759 1154 868 Teutonia
1167 756 1437 878 fungebatur,
1456 763 1581 851 Auel-

260 875 444 992 bergensr
469 875 661 984 Episcopo
684 895 725 958 et
749 875 789 958 Sa
814 874 983 986 Georgii
1004 897 1046 959 et
1082 870 1133 959 de
1156 873 1314 964 Sichem
1342 871 1577 966 Abbatibus

261 993 371 1079 iuxta
400 987 677 1101 praescriptam
696 980 873 1072 formam
897 985 1007 1073 idem
1035 989 1251 1105 negotium
1274 991 1577 1080 commiserunt.

259 1107 348 1221 Ql
369 1108 459 1216 post
479 1100 628 1187 multas
652 1100 784 1186 causae
801 1101 1080 1204 ventilationes
1105 1127 1347 1191 memorato
1369 1105 1476 1218 regi,
1489 1084 1578 1221 lpus

260 1241 429 1333 propter
461 1215 754 1306 contumaciam
777 1217 1023 1302 manifestam
1045 1218 1176 1312 suerat
1197 1215 1263 1326 ab
1291 1219 1385 1330 ipfis
1414 1247 1577 1312 excom·
1617 1265 1635 1292 ·-

258 1336 509 1429 munitatus,
542 1329 836 1416 absolutionem
859 1329 1169 1443 impendentnt,
1207 1331 1257 1418 ab
1283 1331 1432 1420 eodem
1464 1361 1574 1423 rece-

149 1446 154 1454 ’
258 1472 326 1563 pta
341 1445 530 1535 iuratoria
554 1445 755 1560 cautione,
788 1443 902 1556 quod
926 1469 1081 1556 pareret
1103 1440 1271 1533 iustitiae
1299 1475 1436 1544 coram
1465 1450 1572 1561 ipsas.

158 1562 188 1594 '⁸
258 1566 337 1653 Cui
360 1590 455 1649 cum
479 1557 586 1646 diem
610 1579 650 1644 et
676 1557 815 1643 locum
834 1557 883 1642 ad
900 1558 1229 1670 prosequendum
1250 1565 1466 1676 negotium
1482 1594 1575 1676 pet·
1619 1602 1624 1628 2
1700 1611 1709 1628 2

258 1677 459 1788 emptorie
483 1672 761 1786 adfignass'ent,
776 1679 943 1783 propter
958 1676 1063 1788 regis
1078 1677 1570 1773 contumaciam,demum
1649 1705 1653 1712 ·

232 1813 236 1824 '
257 1794 300 1880 in
321 1792 506 1902 'priorem
525 1816 622 1873 eum
645 1786 878 1872 sententiam
908 1785 1168 1892 reduxerunt,
1189 1786 1424 1900 recipientes
1448 1797 1567 1878 testes

256 1930 305 1993 ex
330 1905 489 2019 reginae
512 1922 624 2013 parte
647 1899 886 2013 produs'tos.
968 1905 1078 1988 Haec
1106 1924 1250 2007 autem
1271 1929 1376 1988 ‘cum
1414 1905 1570 1992 iterum

255 2018 362 2130 apud
385 2020 533 2128 Papam
557 2016 689 2110 sciisset
706 2021 934 2128 conquesta,
950 2014 1017 2102 hic
1036 2019 1344 2132 Moguntinensr
1362 2018 1568 2134 Ardriepi·

253 2134 375 2243 scopo
393 2128 502 2216 dedit
519 2131 559 2214 in
590 2132 821 2242 praeceptis,
845 2154 889 2214 vt
911 2127 1094 2242 partibus
1118 2159 1195 2242 pro
1215 2135 1392 2219 termino
1408 2161 1567 2245 petem-

248 2248 386 2362 ptorio
403 2243 593 2349 Kalendas
611 2238 805 2354 Oslobris
824 2243 1069 2357 adsignaret,¹
1095 2244 1194 2330 infra
1226 2235 1325 2357 q‘uas
1349 2275 1422 2357 per
1438 2248 1475 2335 se
1491 2267 1565 2334 aut
1687 2310 1691 2323 -

246 2361 485 2497 responsales
508 2356 681 2448 idoneos
705 2387 803 2445 cum
829 2354 1037 2455 omnibus,
1064 2385 1167 2471 quae
1191 2357 1562 2448 adcausamneces-
1741 2463 1751 2473 .
1786 2386 1789 2397 ·

249 2477 343 2572 sana
362 2476 590 2572 noscerent,
617 2477 745 2586 Papae
766 2475 803 2559 se
827 2473 1056 2585 conspesiui
1084 2472 1375 2585 praesentarent
1408 2477 1563 2564 senten·
1661 2557 1665 2564 ,
1693 2569 1696 2577 ,

249 2591 347 2675 tiam
367 2612 597 2701 recepturae
618 2595 633 2696 (
657 2593 685 2696 ).
766 2589 1023 2676 Constantine
1046 2616 1237 2701 quoque,
1262 2617 1385 2700 quam
1402 2587 1473 2674 fibi
1493 2617 1563 2675 rex

248 2702 470 2809 Bohemiae
494 2699 780 2812 copulauerat,
808 2703 1006 2789 citationis
1024 2725 1213 2827 tenopem
1230 2703 1343 2803 iussit
1373 2704 1563 2805 intimari,
1576 2722 1595 2755 ³·

246 2842 292 2905 vt
317 2816 515 2918 stellet,
543 2813 594 2901 ad
621 2814 895 2904 desenfionem
930 2818 1042 2903 suam
1075 2815 1249 2904 idoneos
1279 2817 1468 2932 dirigeret
1496 2845 1560 2904 re·
1840 2915 1847 2926 ,

246 2935 450 3044 sponsales.
519 2939 636 3021 Dum
656 2933 780 3043 igitur
806 2936 911 3048 regis
938 2931 1087 3018 Adelae
1109 2955 1150 3018 et
1167 2933 1423 3019 Constantiae
1458 2935 1559 3019 Pro·

129 3115 134 3130 ,
248 3070 452 3156 curatores
486 3075 622 3133 coram
649 3049 753 3157 Papa
782 3048 1115 3160 comparuissent,
1139 3069 1380 3157 procurator
1409 3043 1560 3132 Adelae
1639 3041 1643 3049 ⁴
1712 3052 1714 3061 ‘

129 3169 132 3179 '
249 3154 519 3265 depositiones
545 3162 704 3245 testium
739 3190 874 3247 coram
910 3161 1050 3272 primis
1074 3183 1116 3245 et
1143 3157 1322 3249 secundis
1359 3153 1559 3258 iudicibus

247 3268 544 3380 produsiorum
570 3275 669 3386 petit
693 3270 895 3384 publicari,
918 3269 961 3360 et'
974 3271 1121 3359 Adelae
1136 3269 1379 3360 beneficium
1400 3274 1557 3359 testitu-

248 3383 369 3469 tionis
395 3384 598 3496 impendi‚
626 3389 817 3474 sententia
839 3388 1047 3504 Pragensrs
1069 3384 1560 3500 Episcopireprobataad
1693 3474 1697 3478 Α
1731 3459 1735 3466 .

247 3496 510 3584 adsertionem
535 3505 748 3615 propriam.
768 3500 1065 3601 roborandum,
1094 3503 1232 3614 multis
1257 3495 1354 3589 iuris
1379 3501 1556 3589 Canoni—

247 3613 345 3701 ciet
370 3612 494 3698 ciuilis
516 3617 767 3727 argumentis
790 3617 978 3705 indutiis.
1032 3617 1320 3703 Procuratores
1344 3643 1444 3702 vero
1466 3642 1556 3726 par·

245 3729 299 3813 tis
329 3725 512 3813 aduersae
528 3733 796 3818 attestationes
816 3761 903 3820 non
930 3732 1007 3818 else
1031 3728 1258 3838 aperiendas
1276 3726 1472 3826 dicebant,
1482 3755 1553 3815 ne·

220 3909 227 3924 .
274 3870 327 3926 ue
351 3838 568 3927 secundum
587 3867 653 3927 eas
676 3842 716 3929 in
739 3847 909 3960 negotio
933 3839 1260 3955 procedendum,
1281 3845 1475 3954 quoniam
1491 3843 1553 3928 iu-
1690 3893 1694 3901 ·

131 4031 136 4036 .
273 3957 349 4044 'ces
380 3957 449 4044 lite
480 3982 570 4043 non
606 3962 820 4046 contestata
851 3980 892 4046 et
912 3957 1011 4044 iuris
1041 3951 1182 4043 ordine
1212 3957 1482 4069 praetemrisso
1507 3982 1552 4041 ac

895 4087 936 4128 ¹·
1444 4075 1550 4185 post·

273 4205 330 4301 ¹(a)
353 4206 440 4285 Vide
457 4159 791 4290 assuetarum.
811 4205 862 4281 tc.
877 4156 987 4306 1er.
1001 4151 1076 4296 iu.
