3759 4784
340 302 413 376 ¹74
530 384 537 389 .
647 278 749 371 opat
771 272 821 347 11.
872 264 1094 356 biterrim
1107 272 1159 354 ab
1184 272 1349 370 wastellus

336 443 388 531 de
418 442 531 529 sacro·
558 440 676 531 fonte
690 442 815 529 'anno
844 442 1044 531 MDLIV.
1069 438 1224 539 leuare.
1272 462 1492 559 antequam
1521 468 1588 541 re's
1611 454 1656 547 in

334 559 614 647 aulaRomana
631 557 863 670 agitaretur,
879 558 1149 669 excompatto
1166 550 1410 672 Margareia,
1427 592 1534 677 quae
1554 590 1654 655 tam·
1693 664 1698 669 ,

331 674 401 761 diu
438 675 518 761 iam
541 700 563 759 a
590 674 694 757 Viro
731 669 945 769 abfuerat,
987 670 1149 785 publico
1191 675 1333 767 Vllir'ni
1349 678 1412 763 dn
1456 683 1658 771 Aruernis.

328 792 604 880 Instrumento
632 784 821 872 conferto
842 784 969 899 pridie
993 788 1103 873 Non.
1120 784 1233 875 Febr.
1252 808 1537 901 procuratores
1553 799 1647 883 suos

327 904 600 999 constituerat,
624 900 851 990 Matinum
867 900 1051 1015 Anglum
1069 900 1301 997 libellorum
1318 904 1541 1017 supplicum
1561 914 1650 1005 Ma·

327 1022 514 1139 gistrum·
529 1038 572 1103 et
610 1013 860 1109 Eduardum.
873 1018 1091 1110 Molaeum
1105 1018 1160 1109 ¹in
1185 1020 1335 1109 Senatu
1365 1016 1647 1133 dignillimunr

200 1152 204 1164 '
329 1134 582 1228 assessorem,
614 1158 686 1242 per
711 1149 819 1240 quos
841 1128 948 1242 apud
973 1133 1142 1244 Regem·
1168 1130 1356 1241 petebat,
1392 1134 1643 1247 quandoqui-

329 1248 427 1334 dem
449 1268 617 1357 propter
634 1240 890 1357 prohibitum
912 1246 1262 1357 consanguinitatis
1280 1244 1468 1358 gradum,
1485 1250 1645 1364 religio-

326 1364 388 1448 nis
417 1353 632 1455 dissidium,
646 1384 792 1471 neque
816 1356 1041 1448 adhibitum
1061 1386 1106 1443 ea
1131 1359 1187 1443 in¹
1204 1386 1247 1443 re
1268 1362 1524 1451 netellirium
1555 1392 1650 1457 ton·
1710 1429 1716 1439 .

326 1476 495 1571 sensum,
520 1472 671 1581 aliaque
687 1471 990 1583 impedimenta,
1017 1474 1182 1585 nuptiae
1209 1472 1412 1596 legitimae
1445 1476 1549 1563 inter
1573 1480 1649 1563 Re·

324 1616 422 1705 gem
445 1609 486 1673 et
509 1586 630 1701 ipsam
656 1587 763 1671 coire
784 1584 834 1671 ab
861 1588 978 1671 initio
1006 1609 1093 1671 non
1117 1588 1364 1697 potuill'ent3
1393 1616 1529 1699 neque
1551 1618 1646 1701 pro-

321 1702 416 1793 inde
432 1704 680 1814 eumRege,
718 1726 843 1813 aquo
876 1699 945 1785 diu
971 1701 1049 1785 iam
1087 1696 1289 1797 abfuerat,
1329 1723 1521 1812 tanquam
1549 1732 1642 1791 cum

192 1862 212 1877 -
320 1820 467 1905 marito
487 1815 589 1899 salua
613 1814 845 1899 conscientia
861 1840 1024 1901 manete
1044 1816 1185 1925 posset,
1216 1816 1372 1923 insuper
1388 1814 1437 1899 ad
1461 1842 1547 1906 eam
1569 1820 1648 1908 iam

320 1954 494 2019 aetatem
520 1928 772 2039 peruenisset,
804 1954 882 2037 qua
906 1925 958 2010 de
982 1926 1098 2037 prole
1130 1928 1377 2041 suscipienda
1412 1928 1647 2041 desperaret,

318 2042 436 2159 quod
456 2044 570 2127 unice
589 2066 677 2124 non
700 2039 876 2125 soluma
905 2041 1048 2152 Rege,
1086 2039 1152 2126 sed
1184 2068 1207 2125 a
1230 2042 1384 2127 aratus
1406 2045 1522 2158 regni
1539 2044 1646 2141 ordi-

318 2157 439 2247 nibus
468 2151 747 2268 exoptabatur,
762 2155 848 2239 Rex
868 2154 911 2247 in
929 2150 1257 2267 bonampartem
1272 2158 1478 2267 acciperet,
1496 2159 1522 2241 sr
1539 2156 1645 2270 apud

320 2268 562 2361 Pontificem
591 2268 735 2355 aliosue
773 2269 949 2379 quosuis
975 2268 1254 2363 Eccleliasticos
1286 2268 1642 2371 ludicesinllaret,

318 2412 366 2475 vt
381 2385 691 2473 matrimonium
709 2380 807 2469 illud
827 2382 988 2469 nullum
1012 2382 1293 2481 declararetur,
1322 2384 1538 2497 liceretque
1564 2388 1641 2471 Re'-

316 2503 359 2611 gi
381 2497 504 2585 libere
526 2526 571 2581 ar
585 2497 764 2605 legitime
792 2496 906 2593 aliam
942 2522 1140 2593 morem,
1174 2494 1224 2578 ad
1256 2497 1447 2610 speratam
1477 2500 1637 2613 prolem

201 2651 216 2672 ⁸
314 2616 476 2704 sununo
498 2610 615 2724 tegni
630 2608 747 2703 bono
763 2608 1054 2732 suscipiendam
1079 2607 1239 2699 ducere.
1295 2698 1299 2707 ,
1432 2660 1437 2669 -

591 2886 643 2928 ‚¹
723 2772 1136 2927 §.aurun
1231 2888 1234 2895 ,
1335 2864 1339 2872 .
1434 2860 1440 2873 ·
1620 2785 1627 2819 ⁴

426 2994 512 3079 Rex
526 2984 690 3075 tandem
706 2982 972 3097 petitionibus
988 3008 1028 3073 et
1041 2983 1177 3074 vxoris
1194 3000 1235 3073 et
1251 2977 1485 3099 parlamenti
1497 3008 1636 3078 motus

311 3100 870 3197 matrimoniidillolutionem
884 3098 1557 3215 diuasobrationesitidemarapa
1570 3132 1639 3215 pe·

194 3271 200 3285 ·
310 3224 434 3316 tebat,
444 3219 584 3331 legatis
592 3217 684 3311 suis,
692 3211 894 3300 Cardinali
907 3217 1051 3302 Ossato
1064 3236 1105 3303 et
1123 3214 1293 3300 Nicolao
1311 3214 1500 3303 lirularto
1526 3218 1632 3303 Sille·

308 3336 372 3427 rio
381 3333 597 3448 negotium
605 3329 688 3414 hoc
699 3332 961 3423 committens
971 3330 1047 3440 (h).
1082 3328 1497 3423 Causalnconsrstorio
1506 3330 1635 3465 papali

1548 3470 1630 3562 agr·

362 3646 424 3743 (h)
451 3668 578 3720 erret
596 3645 765 3719 tremelus
784 3641 920 3719 Tomi.
943 3664 976 3717 r.
991 3644 1125 3719 Lxxx.
1143 3670 1178 3743 p.
1190 3662 1274 3736 392.
1291 3644 1425 3737 Histoire
1438 3639 1634 3715 resumam

417 3771 451 3845 p.
471 3756 554 3838 362.
602 3766 808 3817 rtarrrxr
829 3772 862 3843 p.
879 3767 962 3834 30⁰·
989 3752 1036 3816 La
1052 3744 1142 3839 rause
1159 3741 1377 3839 rapporrluu
1405 3740 1631 3835 confistoiralr

416 3856 503 3938 Pape
523 3842 629 3916 donna
653 3846 835 3938 commifflon
847 3869 870 3915 a
888 3840 943 3915 der
971 3846 1096 3915 Prolata
1121 3844 1160 3915 de
1178 3844 1211 3913 la
1230 3843 1393 3938 jugersrrr
1410 3844 1453 3911 les
1473 3846 1558 3913 lieux
1573 3842 1631 3933 fi?

422 3948 477 4017 lon
499 3946 542 4015 les
565 3940 669 4018 droirr
687 3946 725 4014 de
745 3965 821 4015 certe
833 3952 1000 4043 'Gouronne
1011 3974 1028 4031 5
1050 3946 1116 4039 Qui
1133 3968 1171 4015 ne
1179 3944 1333 4041 [buffrant
1360 3949 1450 4036 po'r'nr
1473 3960 1533 4033 qne
1559 3938 1632 4011 l'on

305 4092 309 4099 -
421 4042 561 4137 traduise
575 4046 619 4115 les
638 4049 786 4131 Fraenfais
800 4067 884 4140 pour
902 4046 1032 4140 pareide
1046 4066 1159 4118 nature
1173 4046 1197 4114 d
1202 4045 1340 4139 ’affaires
1355 4042 1439 4112 rie-Ia
1453 4040 1495 4109 les
1508 4048 1631 4125 Monte,

423 4170 464 4218 ou
488 4147 514 4215 il
529 4148 596 4215 leur
607 4140 705 4237 struit
717 4143 1023 4241 presquer'mpofflble
1039 4142 1079 4223 de
1094 4148 1196 4245 faire
1210 4144 1287 4219 alit!
1312 4142 1357 4219 let
1381 4142 1512 4215 lemvins
1536 4158 1567 4214 et
1589 4138 1633 4215 lt!

392 4322 396 4329 ,
420 4267 554 4344 preuves
575 4247 760 4343 necefflr'm.
809 4284 827 4307 ·
848 4282 913 4337 q
1001 4324 1004 4339 Ι
