3759 4784
698 304 837 404 repulsis
887 305 1065 399 illustrium.
1501 315 1545 382 61
1690 263 1721 282 .-

66 573 73 578 ,
222 495 384 589 pertus,
415 475 608 562 aloanne
628 474 782 590 Anglo‚
814 467 932 561 Duce
959 461 1177 560 Letassriae
1202 471 1272 584 ipsa
1298 473 1550 572 concitatam,

226 590 300 702 q'ui
321 579 619 677 ferdinandum
639 591 796 704 Regem
818 589 1045 676 Lusitaniae
1063 587 1176 675 facile
1189 587 1233 672 in
1253 585 1403 674 soerlus
1415 610 1462 673 et
1486 615 1548 674 ar·

229 721 418 804 morum
434 705 663 793 societatem
693 705 905 816 pertraxit:
937 727 1163 816 vta-umque
1178 703 1286 788 enirn
1306 703 1549 815 interceptae

229 846 408 937 regnum
435 815 624 907 Castellae
639 816 850 906 obtinendi
863 819 945 930 spei
958 814 1248 914 dolor-urebat,
1263 815 1380 926 quod
1397 813 1463 921 hie
1482 819 1551 904 lu·

227 958 271 1022 re
293 956 508 1032 materno,
543 933 609 1020 ille
627 935 773 1020 uxorio
796 933 903 1020 adse
921 934 1124 1044 pertinere
1146 926 1443 1038 contendeba13
1472 927 1549 1046 sed

164 1133 167 1138 .
225 1048 390 1136 aduersa
412 1048 580 1136 fortuna
602 1047 646 1135 in
684 1050 769 1162 ipso
801 1047 895 1135 belli
919 1048 1037 1133 initio
1067 1049 1139 1146 vsa,
1169 1067 1212 1132 et
1249 1045 1378 1132 nauali
1409 1071 1550 1160 pugna

226 1165 333 1262 viui,
358 1191 460 1250 mox
493 1191 680 1276 patema
707 1167 821 1277 Rege
851 1162 1042 1250 castellae
1067 1160 1245 1250 oblatam
1278 1184 1548 1274 acceperunt3

228 1306 334 1393 quae
363 1275 439 1364 hac
453 1279 561 1375 inter
588 1278 682 1366 alias
701 1278 814 1393 leges
840 1275 918 1364 suit
934 1279 1169 1389 composita,
1199 1297 1244 1362 vt
1262 1277 1418 1364 Beattir
1437 1276 1548 1364 Lusrss

228 1396 308 1492 tani
341 1415 463 1506 gnata
488 1393 625 1494 vnica,
673 1392 725 1480 de
762 1395 877 1483 cuius
909 1393 1059 1505 nuptiis
1092 1389 1305 1480 multoties
1337 1391 1544 1501 licitam,

226 1508 689 1712 illinistis
712 1503 1545 1710 iliilaimtilliisiliiiii⁸

218 1737 398 1834 ,rescissas
430 1733 636 1849 prioribus
664 1737 787 1850 paflis
816 1735 1147 1848 desponderentr,
1171 1740 1214 1824 in
1230 1763 1317 1848 quo
1333 1737 1543 1848 promitte·

204 1851 448 1952 'batur‚·ne‚
468 1854 495 1938 s1
520 1853 696 1938 Henriro
708 1851 852 1938 maiori
868 1851 980 1939 fratri
1003 1851 1192 1952 nuberet,
1226 1850 1415 1939 Castellae
1432 1853 1543 1937 Lus·

229 1967 334 2052 tania
356 1966 607 2079 iungeretur.
632 1967 696 2076 (1)
779 1967 939 2054 Verum
962 1995 1058 2054 tum
1073 1968 1223 2080 paullo
1252 1971 1343 2080 posi
1366 1965 1542 2052 Eleono·

229 2081 277 2166 ra'
302 2080 485 2169 &astellae
508 2083 662 2197 Regina
682 2081 771 2170 satis
789 2083 1050 2182 concessisset,
1080 2086 1256 2170 loannes
1276 2079 1441 2180 viduus,
1472 2107 1568 2168 an·.

227 2216 380 2281 nuente
397 2218 437 2282 et
460 2197 657 2283 offerente
682 2199 890 2296 Lusitano,
906 2199 1037 2283 vicem
1050 2195 1121 2282 filii
1144 2195 1277 2283 adhuc
1293 2195 1454 2310 pueruli
1475 2224 1543 2282 ex·

211 2309 365 2423 pleuit,
389 2331 430 2398 et
455 2311 676 2428 Beatrioem
702 2308 882 2398 secundis
904 2312 1055 2422 nuptiis
1078 2311 1150 2398 fibi
1173 2309 1364 2396 adiunxit.
1388 2316 1406 2420 (
1466 2314 1486 2421 )

213 2557 222 2568 ‘
284 2628 299 2636 .
340 2549 398 2635 Ex
430 2547 670 2640 Sfortiamm
706 2443 874 2655 talnisi,
918 2551 1130 2668 Philippus
1163 2552 1293 2642 Maria
1317 2547 1576 2652 Somnium-

225 2662 407 2751 Frantisci
431 2667 558 2754 Ducis
582 2665 688 2752 flius
719 2665 852 2755 adhuc
873 2666 1064 2782 impuber
1087 2669 1266 2784 sponsam
1283 2670 1429 2782 accepit
1450 2663 1541 2752 Mass

226 2780 346 2876 riarn,
374 2777 573 2868 Ludouici
591 2783 719 2869 Ducis
736 2777 952 2870 sabaudiae
974 2808 1016 2872 et
1031 2790 1172 2874 Annae
1186 2784 1238 2871 de
1252 2786 1396 2898 Cypro
1417 2779 1541 2869 filiam

226 2893 532 3004 superueniente
575 2916 704 2983 aetate
727 2893 778 3010 ad
802 2899 1109 2988 matrimonium
1139 2897 1260 2986 habili
1291 2898 1441 3010 nuptiis
1470 2891 1543 2989 fibi

225 3007 544 3124 'adiungendum
584 3011 626 3096 in
658 3003 804 3098 rabulis
841 3011 958 3125 super
992 3011 1057 3101 his
1090 3013 1332 3126 sponsalibus
1360 3009 1409 3096 n.
1433 3009 1541 3096 xm.

228 3122 453 3236 Septembr.
481 3125 762 3220 aMCDLIV.
797 3125 924 3228 fatris,
947 3125 1024 3216 dos
1035 3123 1250 3216 ¹seutorum
1272 3128 1436 3213 centum
1452 3121 1541 3209 mil·

227 3237 326 3352 lium
344 3239 428 3344 auri
450 3237 644 3352 ponderis
666 3242 881 3328 constituta
904 3247 961 3330 est
980 3242 1072 3351 (n).
1147 3245 1255 3329 Haec
1276 3239 1460 3346 sponsalia
1483 3259 1541 3325 ta·
1658 3273 1665 3290 ·

228 3375 326 3434 men
347 3351 514 3440 bierunt
533 3349 736 3453 dissoluta,
765 3377 806 3442 et
829 3356 930 3442 diua
953 3358 1083 3444 Maria
1116 3354 1299 3446 sabauda
1326 3352 1541 3441 Ludouico

227 3463 570 3584 Lucemburgito
594 3471 763 3591 Comiri
788 3473 842 3558 S..
856 3471 969 3562 Pauli
1010 3499 1120 3562 anno
1155 3471 1433 3587 MCDLXVL
1466 3495 1542 3555 nu·

228 3577 305 3708 ost
330 3579 421 3684 (0)-
505 3667 510 3678 .
547 3605 594 3710 '.·
744 3649 749 3658 -
1525 3678 1532 3691 .

230 3757 252 3801 a
560 3717 566 3728 ¹
670 3807 676 3814 .
839 3701 880 3790 Η
908 3721 932 3820 3
1072 3753 1077 3774 ι
1313 3693 1541 3808 §imm

278 3873 336 3966 (li
360 3873 469 3948 Verba
493 3871 566 3951 sunt
585 3905 807 3974 unnrnnrr
830 3885 887 3964 lib.
903 3888 1022 3963 xvrtr.
1036 3913 1107 3989 cap.
1124 3887 1167 3964 V.
1296 3932 1301 3942 ·

277 3977 358 4068 (m)
382 4001 548 4051 runorr.
567 3985 649 4078 His.
670 3989 802 4080 Hispan.
822 4010 860 4082 “a
879 3991 953 4061 sus.
970 3993 1117 4074 Genetes,
1134 4015 1168 4088 p.
1187 4007 1246 4084 59·

237 4079 347 4184 ,.(u)
374 4077 1037 4178 Extintapud'ov'rcnruonprmes
1064 4111 1197 4188 p379.
1395 4173 1401 4184 ,
1447 4172 1451 4179 ,

242 4182 251 4202 ⁴
279 4179 345 4270 (o)
369 4185 633 4272 certarnen
649 4185 802 4286 equidem
819 4189 959 4270 'roni
981 4215 1014 4292 p.
1027 4213 1115 4292 533.
1149 4174 1544 4300 sltl1.2lll¹³tt⁰¹i¹l⁴²‘
