3759 4784
331 193 410 358 ‚92⁸
508 372 513 376 ι
664 173 740 351 alp.
754 256 802 331 u.
825 250 1048 329 monam
1073 252 1114 325 a
1137 222 1368 350 maratus·
1431 279 1452 321 ,·

179 387 196 470 “’
328 423 477 527 tanen
492 376 813 538 reipublicaeque
828 422 981 511 damno
990 422 1031 509 id
1048 420 1133 516 fieri
1152 422 1292 535 pollet.
1344 420 1410 515 Ad
1424 422 1646 526 instantinn

330 554 451 642 etiam
472 541 672 638 Wolsaei‚
708 542 938 653 eplstopum
971 538 1225 625 Baiot'ensem
1256 536 1342 627 talis
1382 542 1529 629 confilii
1559 546 1644 655 ,pri-

123 692 130 707 '
258 723 262 731 ·
327 696 447 759 mum
476 680 663 743 autorem
680 660 856 751 testatur,
873 682 916 740 at
938 658 1027 765 post
1042 654 1155 737 illurn
1180 653 1510 747 lincolniensem
1533 660 1644 745 Con-

239 841 242 852 .
329 783 521 873 letiorem
542 772 694 871 suum,.
708 768 854 856 deinde
877 768 976 854 alios
999 762 1233 881 episcop052
1253 766 1507 879 quibuscum.
1525 798 1570 856 ea
1591 770 1645 867 de

287 885 292 894 ’
328 926 376 987 re
403 887 666 981 cmsuluissee
719 884 904 971 Mensem
935 881 1079 973 deinde
1103 908 1233 969 vnum
1254 907 1324 968 aut
1341 883 1517 993 ‚alterum
1549 882 1648 975 haee

236 1017 240 1034 '
329 1014 379 1101 lis
399 1008 544 1123 agitata
568 1005 647 1103 est,
676 994 1017 1114 contendentibus
1039 998 1179 1113 regiis,
1198 1023 1283 1083 non
1302 998 1433 1091 effein
1449 1004 1648 1112 potestate,

329 1130 461 1237 Papae
479 1115 578 1223 illud
592 1117 835 1227 coniugium
851 1100 987 1198 ratuni
1010 1110 1172 1209 fatere,=
1195 1110 1310 1223 quod
1334 1112 1433 1199 sacra
1460 1116 1646 1225 scriptura

331 1263 528 1348 tanquam
551 1233 639 1315 iure
669 1252 837 1315 naturae
859 1222 1113 1339 prohibitum
1133 1228 1320 1313 vitiosum
1341 1230 1646 1337 pronuntiasset·

332 1360 444 1445 Inter
465 1342 723 1435 catharinam
750 1345 949 1455 Reginam
974 1364 1016 1427 et
1045 1338 1275 1429 Arthurum
1298 1342 1516 1455 principem
1540 1346 1647 1457 regis

332 1470 498 1555 fratrom
520 1482 616 1544 natu
637 1458 832 1543 maiorem
852 1457 1159 1546 matrimonium
1181 1456 1359 1569 legitime
1381 1458 1649 1557 contradum,

334 1578 574 1699 publiceque
594 1572 839 1668 celebratum
860 1570 993 1669 firilse,
1022 1571 1228 1657 neminem
1256 1598 1434 1683 negare„
1464 1574 1647 1658 consum·

303 1720 491 1791 ‚matum
521 1714 646 1801 porro
681 1712 753 1797 per
781 1685 969 1797 copulam
1005 1684 1201 1773 carnalem
1226 1686 1367 1770 multis
1394 1688 1644 1801 argumentis

271 1868 275 1880 -
362 1808 505 1898 robare
525 1801 771 1890 nitebantur.
854 1799 1005 1908 Atqui
1033 1802 1209 1914 Reginae
1234 1802 1384 1885 caulam
1412 1826 1648 1915 propugnaff

251 1946 259 1961 ‘
332 1840 444 2025 lant,
458 1915 679 2005 iudicialem
704 1941 793 1997 eam
809 1914 887 1997 esse
909 1912 1060 2025 legem,
1075 1940 1161 1999 non
1178 1914 1399 1999 naturalem
1417 1914 1651 2015 afferebant,
1724 1948 1732 1977 ¹

334 2066 414 2152 qua
429 2031 559 2119 fratn‘s
575 2055 744 2121 vxorem
759 2023 905 2110 ducere
921 2022 1056 2114 ludaei
1070 2022 1411 2138 prohibebantur,
1432 2052 1473 2115 et
1497 2028 1641 2128 idoirco
1663 2054 1674 2066 ·

334 2180 407 2268 per
426 2146 634 2237 Christum
658 2138 922 2255 abrogatum,
942 2162 1144 2253 qnatenus
1159 2166 1260 2229 vero
1271 2138 1329 2239 ab
1347 2141 1501 2229 ecclesia
1519 2168 1650 2231 reten-

334 2256 931 2360 tafuerit,eiusdemeedes1ae
958 2252 1209 2346 authoritate.
1238 2254 1651 2367 dispensantem-effe,

336 2380 561 2495 praesertim
583 2400 677 2461 tum
692 2372 875 2460 vltimam
894 2372 1141 2457 matrimonii
1159 2373 1550 2473 consummationem
1564 2371 1652 2479 nul7

337 2498 379 2583 lo
397 2490 537 2579 -modo
572 2488 683 2599 polle
716 2482 878 2596 probari
912 2482 1177 2569 confiderent.
1217 2488 1306 2571 ⁴llis
1321 2485 1652 2575 altercationibus

337 2612 550 2725 postquam
570 2597 813 2712 aliquamdiu
830 2620 1028 2685 certatum
1049 2602 1117 2697 est,
1131 2597 1180 2683 ad
1192 2602 1424 2712 promitiam
1439 2626 1482 2689 et
1497 2600 1653 2689 tamdiu

140 2828 146 2837 Ι
339 2721 583 2837 expettatam
602 2716 836 2802 sententiam
854 2711 1083 2813 ferendam,
1115 2712 1232 2801 solito
1249 2713 1454 2829 frigidius,
1478 2719 1650 2829 Campe·

217 2860 221 2868 ’
339 2840 426 2927 ium
453 2850 667 2945 properare
694 2854 761 2914 rex
779 2825 1072 2913 miruduertit.
1127 2830 1232 2915 Nam
1263 2828 1443 2939 potentia
1477 2832 1653 2919 Caesarie

338 2958 380 3043 in
399 2950 506 3039 Italia
530 2949 608 3032 iam
633 2944 812 3030 multum
833 2943 973 3041 atteia,
999 2968 1093 3026 eum
1130 2970 1227 3029 eum
1264 2946 1369 3053 Papa
1407 2972 1493 3031 non
1525 2944 1654 3031 modo

338 3098 427 3156 non
450 3060 654 3151 offendere
671 3057 859 3170 deinceps
880 3054 1020 3153 vellet,
1038 3054 1102 3141 sed
1127 3059 1265 3169 potius
1284 3058 1549 3145 offenfionem
1563 3060 1652 3157 illla-

201 3208 205 3213 ·
339 3206 424 3269 tam
440 3178 600 3262 abolere
618 3196 806 3285 cuperet,
832 3172 1085 3259 Francistum
1107 3172 1310 3281 quendam
1333 3174 1590 3285 Campanum
1614 3175 1656 3259 in

340 3292 529 3407 Angliam
548 3287 724 3385 miserat,
758 3288 832 3372 alio
849 3282 1017 3397 quidem
1039 3309 1275 3399 praetextu,
1305 3284 1371 3371 sed
1400 3285 1481 3374 hoc
1512 3284 1655 3403 praeti-

331 3437 423 3533 pue
452 3400 672 3489 habentem
706 3403 749 3485 in
784 3398 998 3497 mandatis,
1023 3423 1069 3483 vt
1097 3400 1349 3489 Cardinalem
1374 3398 1555 3501 iuberet,
1587 3399 1655 3485 de-

340 3545 498 3612 cretum
518 3514 616 3603 illud
633 3511 833 3610 iudiciale,
865 3542 950 3623 quo
973 3512 1132 3599 irn'tum
1154 3516 1459 3601 matrimonium
1494 3517 1655 3629 regium

159 3722 167 3731 ,
313 3640 420 3726 ‘iam
436 3634 535 3722 olim
557 3630 860 3743 pronuntiarat,
888 3628 985 3741 igne
1008 3630 1195 3741 protinus
1219 3654 1508 3741 corrumpere,
1537 3654 1580 3717 et
1597 3654 1657 3715 te·
1694 3689 1700 3719 .·
1725 3636 1730 3643 ’

212 3816 215 3819 -
289 3754 489 3846 ·'ditum,
505 3770 704 3861 quantum
723 3743 871 3856 pollet,
901 3764 1116 3829 maturare.
1173 3745 1285 3830 Cum
1306 3772 1406 3831 vero
1424 3742 1542 3831 fimul
1560 3772 1654 3837 cum

339 3864 423 3959 hoc
436 3860 626 3951 mandato
642 3880 851 3973 aegrotare
860 3856 1100 3945 Pontificem
1119 3860 1353 3947 nunciatum
1368 3860 1474 3957 effen
1491 3886 1579 3947 rem
1593 3886 1676 3957 ert·⁴
1740 3910 1747 3920 -

341 3983 441 4093 equi
453 3976 618 4074 distulit,
641 3970 884 4087 aliquamdiu
913 3974 1157 4083 CampeiuS,
1196 3998 1240 4060 vt
1272 3974 1430 4062 saforte
1452 3977 1657 4063 moriente

263 4126 270 4133 ·
342 4097 427 4197 illo,
451 4094 681 4187 facultatem
694 4086 877 4191 habetet,
894 4086 1261 4213 regiesatisfacjere,
1278 4090 1660 4227 voluntatiquum
1703 4201 1707 4207 1

380 4248 384 4255 ·
1550 4228 1660 4293 emm
