3759 4784
411 317 417 324 '
480 379 485 386 ,
582 258 673 373 iam
696 251 901 374 Germaniam
922 301 1243 396 firdornmaeempsa.
1307 371 1316 394 ‚
1442 277 1447 290 ⁴
1515 321 1562 398 95
1623 345 1626 357 .
1669 271 1673 296 ¹

193 579 199 584 .
240 465 451 584 guinitatis
466 457 569 553 linea
597 467 722 553 essent
738 461 943 554 'coniunsli
977 473 1084 572 (erat
1114 467 1222 552 enim
1244 467 1486 578 Berengaria
1512 495 1560 554 er
1601 495 1612 506 ·
1657 543 1660 550 .

244 587 369 669 fratre
396 585 559 693 neptis,
577 609 674 666 tum
685 583 760 693 -ipsr
789 584 912 668 essent
929 579 1113 668 duorum
1138 575 1311 670 fratrum
1328 579 1396 666 flii
1407 589 1422 685 )
1433 582 1435 592 ’
1446 582 1561 667 Eleo-

244 725 347 784 nora
368 698 525 810 Regina
544 697 734 796 Castdlte
755 696 876 808 sagaci
894 695 1151 812 prouidentia
1171 697 1329 782 sollicite
1352 693 1447 787 belli·
1459 697 1561 806 peri·-

240 813 332 900 cula
351 809 593 908 attendens,
616 806 769 922 quibus
787 837 860 920 per
881 805 1126 898 huiusmodi,
1138 811 1448 900 matrimonium
1466 837 1562 906 con·

238 924 471 1024 instabatur,
494 921 695 1023 obtinuit,
721 947 766 1009 vt
795 923 882 1038 regi
906 925 1097 1038 Legionis
1122 925 1338 1012 Vultisoleti
1361 953 1456 1010 cum
1483 924 1562 1009 suis

188 1147 192 1152 ,
240 1037 507 1156 Magnatibus
523 1040 699 1127 venienti
713 1039 952 1152 Berengaria
970 1041 1010 1124 in
1025 1067 1196 1128 vrorem
1212 1039 1393 1139 daretur,
1417 1061 1458 1124 et
1475 1039 1570 1124 elus·
1614 1078 1620 1120 ς

245 1180 359 1269 pater
384 1155 523 1242 omnia
539 1159 678 1254 castra,
710 1181 815 1266 quae
843 1152 1054 1241 abstulerat
1081 1184 1103 1239 a
1128 1181 1304 1269 genero,
1320 1152 1430 1240 dedit
1462 1149 1562 1238 filiae
1687 1193 1692 1214 ·

242 1275 335 1360 suae
359 1266 471 1354 do'tis
500 1267 699 1367 nomine,
730 1292 771 1354 et
798 1295 868 1352 rex
895 1269 1156 1384 Legionensrs
1195 1293 1363 1383 propter
1401 1267 1562 1380 nuptias

170 1443 174 1447 »
243 1385 343 1470 datis
369 1384 501 1468 castris
524 1405 565 1468 et
587 1381 674 1496 aliis
696 1381 823 1468 rebus
838 1410 923 1479 „ac
938 1383 1088 1494 nuptiis
1114 1383 1326 1473 solenniter
1344 1379 1565 1486 celebratis,

244 1527 335 1586 eam
359 1493 536 1582 traduxit
554 1497 596 1582 in
616 1525 793 1614 regnum
813 1496 954 1593 suum,
979 1519 1020 1582 et
1043 1527 1139 1612 pate
1177 1497 1300 1597 fasta,
1336 1526 1359 1582 a
1384 1499 1564 1587 vastatio·
1679 1503 1687 1536 ³

245 1603 566 1714 nibusinuicem
600 1637 720 1726 reges
753 1607 1040 1724 quieuerunt.¹
1098 1609 1176 1698 Sed
1211 1613 1473 1700 Innocentius
1491 1613 1562 1728 Ill.

244 1722 370 1814 huius
387 1716 568 1839 coniugii
594 1726 804 1824 conscius,
827 1723 933 1810 mifit
960 1724 1003 1809 in
1032 1725 1256 1840 Hispaniam
1277 1727 1442 1813 fratrem
1460 1729 1564 1837 Ray·

246 1841 440 1938 nerium,
465 1833 601 1926 virum
623 1839 779 1926 scientia
809 1861 851 1926 et
880 1837 1076 1954 religione
1098 1841 1245 1954 pariter
1272 1837 1563 1936 venerandum,

248 1957 321 2066 qui
342 1953 541 2048 cum-suis
566 1947 866 2040 monitionibus
896 1951 996 2042 nihil
1025 1955 1133 2069 apud
1155 1985 1295 2070 regern
1336 1955 1562 2070 Legionen·

243 2069 326 2155 sem
345 2062 582 2180 proficeret,
607 2069 717 2153 iuxta
743 2065 923 2154 formam
938 2072 1093 2186 ‚Legati
1119 2071 1364 2184 Apostoliti,
1403 2097 1561 2156 ercom-

240 2183 525 2270 municationis
543 2181 779 2268 sententiam
803 2184 845 2267 in
862 2209 970 2288 ,eum
987 2187 1291 2294 pronuntiauit,
1320 2209 1361 2270 et
1384 2211 1562 2298 regnum

241 2297 435 2412 Legionis
458 2293 672 2381 interdislo
698 2293 875 2412 generali
897 2295 1123 2406 supposuit,
1154 2308 1311 2406 contra!
1326 2327 1466 2410 regem
1492 2325 1564 2382 au·
1666 2369 1670 2377 .

242 2435 330 2500 tem
359 2408 548 2496 castellae
569 2411 738 2510 minime
762 2403 976 2521 procedit,
1016 2439 1109 2499 cum
1141 2405 1190 2496 ab
1227 2439 1278 2497 eo
1311 2411 1560 2510 admonitus,

233 2520 411 2612 'obedire
430 2499 691 2636 promisisset,
715 2525 745 2606 fi
775 2521 854 2608 filia
879 2524 948 2610 sua
972 2523 1024 2610 illi
1048 2519 1282 2613 redderetur
1299 2531 1367 2634 (el.
1450 2527 1560 2610 Post·

115 2651 118 2659 '
236 2637 418 2727 ¹modurn
437 2639 665 2725 Toletanus
676 2633 1012 2750 drchiepiscopus
1029 2664 1071 2727 et
1089 2643 1306 2756 Episcopus
1325 2639 1558 2726 Palentinus

245 2778 323 2868 pro
346 2751 444 2869 r'dge
467 2753 657 2839 Castellae
683 2773 724 2836 et
747 2754 964 2868 Episcopus
1001 2755 1253 2843 Zamorensrs
1283 2785 1331 2842 ex
1360 2777 1473 2868 parte
1497 2781 1558 2840 re-

236 2863 306 2982 ‘gis
328 2867 591 2982 Legionensis
606 2865 662 2950 ‘ad
685 2863 819 2952 sedem
836 2870 1107 2978 Apostolicam
1144 2871 1397 2968 accedentes,
1423 2873 1559 2981 postu-

242 2985 376 3070 larunt
404 2976 455 3066 ab
484 2981 756 3079 Innocenti0,
787 3003 832 3067 vt
856 3008 951 3068 cum
974 2983 1117 3070 iisdem
1139 2984 1306 3098 regibus
1324 2984 1561 3096 dignaretur

236 3095 472 3207 dispensare.
520 3091 735 3191 Netum,
772 3095 908 3182 renuit
932 3098 1050 3210 Papa,
1082 3123 1205 3207 atque
1226 3094 1558 3207 Composlellano
1688 3117 1693 3129 ’

244 3206 550 3320 Archiepiseopo
581 3232 624 3298 et
654 3208 771 3322 regni
803 3211 1063 3324 Legionensrs
1089 3211 1306 3321 Episcopo,
1334 3231 1378 3296 vt
1405 3207 1559 3315 senten:
1631 3214 1634 3222 ’

237 3325 344 3408 'tiam
368 3321 568 3409 interdisii
593 3350 617 3410 a
641 3321 864 3432 Raupnero
895 3324 1092 3434 prolatam
1117 3349 1310 3412 'curarent
1344 3318 1558 3419 obseruari,
1633 3347 1639 3355 ·

246 3456 382 3544 nsque
408 3431 509 3522 dum
538 3440 623 3544 Rex
653 3435 914 3552 legionensis
949 3437 1171 3530 dimitteret
1200 3441 1482 3554 Berengariam
1516 3437 1558 3526 in

1444 3577 1556 3645 man-
1699 3569 1712 3580 ⁶

231 3835 249 3861 ''
288 3857 339 3950 (e)
363 3840 460 3922 Patet
491 3843 556 3920 hoc
587 3849 754 3952 exapta
782 3856 964 3931 iunocentii
994 3855 1051 3928 nr.
1088 3853 1146 3932 rs.
1178 3853 1203 3932 r.
1234 3825 1290 3958 «ρξ’
1309 3857 1416 3932 xor.
1437 3849 1585 3931 xtra

276 3960 281 3968 ’
364 3961 539 4042 CCXXV.
559 3964 618 4043 lib.
634 3967 678 4052 11.
693 3995 744 4075 ep.
768 3973 899 4047 LXXV.
933 3995 971 4054 c..
987 3995 1022 4069 4
1040 3973 1086 4060 X.
1116 3959 1157 4048 de
1190 3974 1298 4064 dona.
1333 3981 1415 4050 inter
1446 3975 1507 4048 tir.
1528 3989 1559 4040 er

226 4164 230 4175 ¹
365 4082 499 4158 vxor(
566 4169 572 4178 Ι
