3759 4784
579 281 667 398 exire
687 309 895 396 caninam
907 311 1076 420 filiorum
1095 324 1243 419 exemplo.
1475 295 1479 301 ’
1517 339 1566 429 7¹1

251 495 433 595 Neronis,
457 483 540 574 mox
556 497 685 575 mariti
707 515 856 607 potens,
920 489 1079 574 acutiam
1117 521 1165 580 ex
1195 489 1373 595 ministris
1398 487 1574 576 Ociouiae

251 603 418 721 impulit,
443 605 616 712 struilem
648 613 684 688 ei
698 635 865 693 ,amorem
882 518 1044 689 oliicere.
1096 605 1376 723 Destinaturque
1404 636 1488 690 reus
1514 637 1570 689 co-

244 737 435 838 gnomento
450 725 633 824 Eucerus,
664 727 807 802 natione
827 717 1121 824 Alexandrinus,
1151 727 1280 802 canere
1307 716 1414 802 tibiis
1435 718 1567 804 dacius.

205 907 209 912 .
250 831 366 936 Aliae
387 829 430 918 ob
452 831 492 916 id
505 832 545 915 cie
561 835 702 916 ancillis
722 831 956 954 quaestimec,
973 840 1065 921 etui
1085 855 1341 916 tormentorum
1358 833 1468 919 viliis
1485 839 1567 950 qui·

250 941 423 1050 busdam,
443 947 597 1052 vtfalsa
614 946 835 1049 adnuerem,
850 947 978 1062 plures
989 945 1192 1060 perstitere
1199 945 1429 1053 sttnclitatcm
1455 943 1567 1029 dorni·

249 1087 318 1142 nae
331 1067 437 1142 tucri.
474 1059 553 1144 'Ex
576 1058 703 1178 quibus
732 1090 803 1144 ona
822 1059 970 1169 instanti
998 1061 1192 1174 Tigellino,
1224 1060 1381 1164 castiora
1398 1065 1463 1170 elle
1490 1089 1567 1144 mu·
1619 1151 1626 1163 l

251 1169 381 1256 liebria
406 1173 579 1257 Ociouiae
605 1173 796 1290 respondit,
818 1201 925 1290 qnam
949 1203 988 1256 os
1008 1181 1096 1256 eius.
1153 1179 1326 1258 Moretur
1348 1199 1468 1258 tomen
1484 1181 1566 1278 pri·

253 1287 442 1378 macruilt's
462 1285 598 1389 dicfidt'i
614 1289 731 1402 specie
745 1317 760 1368 .·
795 1287 998 1406 danaumque
1026 1291 1161 1391 Burri,
1189 1312 1227 1370 et
1252 1286 1408 1405 praedia
1439 1289 1567 1372 Plauti
1606 1355 1611 1362 .

251 1399 411 1502 infausta
433 1399 524 1482 dona
553 1407 708 1514 accipit,
736 1431 820 1484 cnon
834 1407 873 1484 in
897 1396 1131 1514 Campaniam
1144 1402 1248 1517 pulsto
1267 1401 1339 1507 cll,
1359 1401 1486 1487 addita
1499 1408 1567 1485 mi·
1665 1469 1672 1491 s

249 1513 358 1596 litari
373 1511 534 1616 custodio.
621 1511 704 1600 lude
729 1511 849 1599 crebri
903 1513 1035 1618 unlus,
1070 1542 1132 1598 uec
1162 1517 1290 1598 occulti
1311 1539 1381 1631 per
1400 1517 1565 1634 vulgum,

251 1633 312 1710 cui
327 1631 637 1744 minocfitpientia
648 1691 661 1732 ,
683 1652 720 1712 et
742 1659 789 1711 cx
810 1541 1057 1714 meliarina
1071 1625 1255 1731 fhrtunae
1265 1638 1439 1746 pauciora
1458 1637 1563 1746 peri·

252 1739 331 1823 cula
346 1741 442 1845 fiant.
502 1747 574 1825 His
588 1767 701 1825 motus
717 1749 835 1847 Nero,
850 1773 898 1826 an
912 1741 1200 1857 poenitentiaflo
1227 1747 1302 1846 itii,
1311 1751 1491 1860 coniugem
1505 1773 1564 1827 rc·

250 1862 395 1937 uocauit
426 1855 632 1939 Οὲἶαιιίιυη.Υ
682 1853 824 1940 Exinde
846 1859 936 1938 laeti
958 1855 1164 1970 capitolimn
1179 1771 1380 1962 flandum,
1417 1855 1565 1976 deosque

249 1965 390 2051 tandem
407 1993 631 2053 venerantur.
685 1971 836 2088 Effigies
862 1977 1052 2086 Poppaeae
1078 1993 1267 2084 proruunt,
1277 1968 1451 2054 Ociamm
1468 1975 1563 2054 ima·

202 2133 204 2140 ·
242 2087 351 2194 ginet
357 2082 503 2200 gestant
519 2081 696 2187 humeris,
718 2081 1246 2202 spargancflacibnc,firoqne
1274 2115 1318 2168 ac
1335 2083 1561 2200 teatplislla·

247 2218 360 2278 tuunt.
416 2201 496 2278 itur
520 2203 630 2279 ctiam
654 2203 693 2278 in
717 2203 904 2311 Principis
925 2195 1071 2298 laudes,
1093 2219 1288 2389 repetitum
1304 2205 1560 2283 venerantium.

253 2311 397 2424 lamque
411 2335 448 2391 et
465 2307 891 2424 pontium'mnltitudine
911 2335 950 2392 ct
971 2309 1121 2390 clamori
1140 2329 1183 2390 us
1211 2310 1448 2424 complebant,
1485 2318 1561 2396 iam

251 2423 369 2526 emisst
379 2425 534 2506 militum
541 2419 647 2542 globi
659 2418 866 2505 verberibus
882 2447 919 2505 et
929 2425 1188 2524 'intentoferro
1202 2421 1367 2507 turbatos
1380 2423 1561 2507 disiecerc.

247 2537 467 2656 Mutataque
489 2563 593 2655 qnae.
604 2559 677 2654 per
695 2535 913 2648 seditionem
939 2547 1150 2642 'materont,
1174 2561 1213 2621 ct
1240 2544 1431 2656 Poppaeae
1456 2536 1562 2624 honos

234 2649 416 2765 replicas
433 2651 494 2753 esi.
537 2651 790 2768 Qoefi’mpcr
804 2649 894 2757 odio,
911 2677 987 2736 tum
1002 2675 1039 2734 et
1055 2675 1150 2734 rnctu
1167 2675 1299 2757 amon,
1319 2682 1365 2736 ue
1379 2678 1445 2738 aut
1460 2653 1563 2772 vulgi
1609 2659 1615 2675 '

248 2769 372 2848 acrior
398 2771 456 2848 vis
471 2772 679 2882 ingrueret,
714 2789 777 2849 aut
799 2771 900 2849 Nero
927 2766 1160 2850 inclinatione
1185 2767 1309 2884 populi
1337 2772 1560 2871 mutaretur,
1642 2825 1648 2834 -

240 2879 437 2992 prouoluta
451 2875 607 2996 genibus
627 2885 716 2968 eius.
787 2887 869 2964 Nou
890 2910 930 2965 eo
958 2881 1026 2964 loci
1055 2909 1116 2964 res
1125 2881 1217 2984 ficas
1235 2888 1321 2999 agi,
1360 2906 1402 2966 vt
1424 2879 1468 2963 tle
1487 2898 1585 2963 ma·'

249 2997 417 3075 trimam'o
447 3017 584 3098 certet,
622 2999 852 3111 (quartanam
891 2993 933 3078 id
952 2991 1029 3098 stit
1052 3000 1144 3099 'vita
1167 3002 1322 3108 potius)
1356 2992 1421 3095 fed
1447 3000 1561 3076 vitam

246 3107 358 3219 tpfiom
377 3109 417 3188 in
443 3107 643 3188 extremum
666 3107 852 3190 adduciom
877 3137 902 3192 a
925 3107 1100 3192 clientelis
1130 3129 1166 3187 ct
1174 3100 1350 3210 seitcitiis
1372 3103 1559 3210 Ociouioe,
1603 3179 1609 3187 .

216 3243 319 3410 ⁸pua
339 3215 453 3332 plebis
463 3215 538 3326 fibi
567 3249 688 3303 nomen
713 3221 931 3328 indiderint,
958 3251 1002 3307 ea
1042 3226 1082 3302 iu
1111 3241 1201 3332 pace
1229 3221 1348 3328 atcsts,
1377 3247 1469 3340 quoe
1491 3225 1560 3303 viu

273 3331 334 3444 ello
354 3341 545 3418 euenirent.
594 3339 730 3419 ‚Arma
749 3336 814 3418 illa
837 3333 1005 3443 uoluerfics
1030 3338 1237 3444 Principem
1249 3336 1410 3453 ſscmpta.
1479 3340 1559 3420 Du·

246 3469 322 3524 tem
342 3467 478 3527 tantum
493 3447 657 3557 defiaffl,
680 3455 745 3568 qui
769 3455 874 3532 motis
899 3448 1131 3553 ccbrcsfacilc
1152 3455 1388 3564 reperiretur.
1418 3544 1420 3547 ,
1444 3455 1561 3534 Omit-

248 3567 343 3639 t'eret
364 3556 459 3638 modo
483 3567 716 3676 Campaniam
739 3587 775 3646 et
801 3570 843 3646 in
875 3559 997 3648 vrbem
1025 3568 1138 3675 ipsam
1159 3587 1358 3680 pergeret,
1392 3561 1444 3647 ad
1461 3569 1562 3649 cuius
1590 3562 1594 3569 ’

244 3693 372 3751 noctram
402 3665 552 3774 absentis
582 3675 752 3760 tumultus
775 3684 966 3762 cierentur.
1013 3673 1130 3783 ‘Quot
1153 3677 1315 3792 alioquin
1329 3680 1442 3787 suum
1471 3678 1561 3762 cleli-

197 3884 204 3899 .
248 3779 377 3868 &unni
433 3811 539 3899 quam
554 3797 759 3908 cuiusquam
783 3787 1030 3986 c‘mp'enstonemi
1083 3795 1143 3872 An
1166 3794 1255 3906 quia
1283 3819 1408 3876 veram
1433 3815 1562 3909 proge-

243 3904 343 3984 nien
356 3894 548 4014 penatibus
576 3909 762 4012 Caestornm
808 3927 918 3988 oturo
939 3904 1013 4008 fit,
1047 3904 1151 3988 malle
1179 3904 1344 4018 populum
1366 3911 1562 4005 Romanurn

244 4006 409 4096 tibicinis
432 4011 615 4132 Aegyptii
627 4013 776 4120 sobakm
795 4019 1193 4134 imperatoriofastigio
1210 4015 1363 4101 induci?
1400 4024 1564 4134 Denique
1590 4083 1614 4096 ,

108 4143 111 4148 “
232 4123 326 4228 fiii
342 4123 448 4214 rebus
469 4127 639 4217 conducat
656 4129 770 4218 libens
792 4159 905 4252 puato
931 4130 1073 4220 coelius
1092 4135 1229 4219 acciret
1252 4136 1468 4246 Dominam,
1506 4127 1566 4211 oei

1483 4265 1563 4321 (Oll-
1632 4287 1636 4292 ·
1655 4283 1659 4288 ·
