3759 4784
375 333 376 344 ἵ
475 208 514 291 ι’
606 251 835 320 &manorum
846 246 1189 346 &empse-illustrata.
1295 329 1302 365 p
1503 267 1578 346 327
1646 345 1650 354 .

251 417 424 512 tentiam
446 431 689 526 recepturae.
749 413 848 526 Qil
865 416 1061 526 quoniam
1087 437 1258 530 ppoprct
1284 415 1574 524 impedimenta
1621 416 1624 427 '

250 538 356 622 varia
380 527 604 646 procedere
629 529 928 640 nequiuerunt,
963 531 1200 642 Hugolinus
1229 531 1445 616 Hostiensrs
1477 535 1571 643 Epi-

140 693 144 703 =
252 653 396 761 scopus
415 669 457 732 et
486 649 570 752 Leo
593 645 699 741 tituli
724 643 885 728 Sanslae
915 645 1058 730 Crucis
1083 641 1302 757 Presbyter
1334 643 1571 747 Cardinalis,
1696 731 1703 749 ,

255 766 325 876 qui
349 785 449 849 tunc
476 759 689 872 legationis
718 753 855 844 officio
884 757 925 842 in
940 757 1145 866 Teutonia
1158 754 1428 876 fungebatur,
1447 761 1572 849 Auel-

251 876 435 993 bergensr
460 875 652 984 Episcopo
675 894 716 958 et
740 875 780 958 8.·
805 873 974 986 Georgii
995 896 1037 958 et
1073 869 1124 958 de
1147 871 1305 962 Sithetn
1333 869 1569 964 abbatibus

252 994 363 1081 iuxta
391 988 668 1102 praescriptam
687 981 864 1072 formam
888 985 998 1072 idem
1026 989 1242 1104 negotium
1265 989 1568 1078 commiserunt.

251 1107 339 1222 Qi
360 1109 450 1217 post
471 1101 619 1188 multas
643 1100 775 1186 causae
792 1101 1071 1188 ventilationes
1097 1125 1338 1190 memorato
1360 1105 1468 1216 regi,
1481 1081 1569 1218 lpui

252 1241 420 1334 propter
452 1216 745 1308 contumaciam
768 1216 1014 1302 manifestam
1036 1217 1167 1311 suerat
1203 1213 1254 1303 ab
1283 1217 1376 1328 ipsis
1405 1245 1569 1308 excom·
1608 1264 1627 1290 ·-

249 1337 500 1430 munitatuS,
533 1329 827 1416 absolutionem
850 1328 1161 1443 impendentnt,
1198 1329 1424 1418 abeodem
1455 1359 1565 1420 rece-

249 1473 317 1564 pta
333 1446 522 1536 iuratoria
546 1446 746 1560 cautione,
780 1443 894 1556 quod
917 1469 1073 1556 pareret
1094 1439 1262 1531 iustitiae
1291 1473 1427 1542 coram
1456 1447 1564 1559 ipsis.

154 1562 180 1596 '⁸
250 1567 329 1654 Cui
351 1591 447 1650 curn
471 1558 577 1648 diem
601 1580 641 1644 et
667 1557 806 1643 locum
826 1557 875 1642 ad
892 1557 1220 1670 prosequendum
1241 1561 1458 1674 negotium
1473 1591 1566 1674 per·
1610 1618 1615 1624 -
1692 1609 1701 1626 ι

250 1678 450 1790 emptorie
474 1673 752 1787 adfignass'ent,
768 1694 934 1784 propter
949 1675 1055 1787 regis
1069 1677 1377 1771 contumaciam,
1386 1675 1561 1764 demum

223 1795 292 1880 ‘in
313 1793 498 1902 'priorem
517 1817 614 1874 eum
637 1787 870 1873 sententiam
900 1785 1160 1891 reduxerunt,
1180 1788 1416 1899 recipientes
1439 1795 1559 1876 testes
1612 1804 1614 1808 ⁴

248 1931 297 1994 ex
322 1906 481 2020 reginae
504 1923 616 2014 parte
639 1899 877 2014 produstos.
959 1904 1070 1987 Haec
1098 1924 1241 2006 ,autem
1263 1928 1368 1987 cum
1406 1903 1562 1990 iterum

247 2019 354 2131 apud
377 2021 525 2129 Papam
549 2017 680 2110 suisset
698 2021 925 2128 conquesta,
942 2013 1009 2101 hic
1028 2017 1336 2130 Moguntinensr
1354 2016 1559 2132 Archiepi-
1611 2055 1614 2060 ·
1734 2095 1740 2108 ,
1788 2048 1792 2056 ·
1841 2051 1852 2058 ·

245 2135 366 2244 scopo
383 2129 494 2216 dedit
510 2132 551 2215 in
582 2133 813 2242 praeceptis,
837 2154 881 2214 vr
903 2125 1086 2242 partibus
1110 2158 1187 2240 pro
1207 2133 1384 2217 termino
1400 2159 1558 2243 perem·
1680 2221 1684 2230 ,
1866 2166 1867 2175 ¹

240 2249 378 2362 ptorio
396 2243 585 2350 Kalendas
603 2238 797 2354 Oslobris
816 2243 1062 2357 adsignare,
1087 2243 1186 2328 infra
1218 2233 1317 2354 q‘uas
1341 2272 1414 2355 per
1430 2246 1467 2333 se
1483 2265 1557 2332 aut
1679 2309 1683 2317 .

239 2361 477 2498 responsales
500 2357 673 2448 idoneos
697 2387 795 2445 cum
820 2353 1029 2456 omnibus,
1056 2383 1159 2470 quae
1183 2355 1554 2446 adcausamneces·
1736 2461 1741 2469 ⁸

241 2478 335 2574 sarra
354 2477 583 2573 noscerent,
609 2477 738 2586 Papae
758 2475 795 2558 se
820 2471 1049 2584 conspeshri
1076 2470 1368 2584 praesentarent
1388 2475 1556 2573 senten·
1685 2568 1689 2574 ,

122 2611 127 2620 ’
242 2592 339 2676 tiam
359 2611 589 2701 recepturae
610 2595 625 2696 (
649 2593 678 2696 ).
759 2587 1016 2676 constantiae
1038 2614 1230 2700 quoque,
1255 2615 1377 2698 quam
1395 2585 1466 2672 nbi
1485 2615 1556 2674 rex

241 2703 462 2810 Bohemiae
487 2699 772 2813 copulauerat,
801 2702 998 2789 citationis
1018 2724 1206 2825 tenorem
1222 2700 1336 2803 iussit
1365 2702 1556 2803 intimati,
1570 2721 1588 2752 <

239 2843 284 2906 vt
310 2822 337 2903 si
360 2817 509 2919 vellet,
536 2814 586 2902 ad
614 2813 887 2904 defensionem
923 2817 1035 2902 suam
1067 2813 1242 2902 idonees
1271 2815 1461 2930 dirigeret
1489 2844 1553 2902 re·

239 2935 443 3044 sponsales.
511 2939 628 3021 Dum
648 2932 772 3044 igitur
798 2936 904 3048 regis
931 2928 1080 3018 Adelae
1101 2951 1143 3017 et
1160 2933 1416 3017 Constantiae
1451 2933 1552 3017 Pro·
1633 3038 1636 3045 ι

123 3117 127 3131 ,
241 3071 445 3156 curatores
479 3075 614 3133 coram
642 3049 745 3157 Papa
775 3047 1108 3160 comparuissent,
1131 3067 1373 3155 procurator
1402 3040 1553 3148 Adelae

122 3169 126 3179 '
242 3154 512 3266 depositiones
538 3162 696 3245 tellitmi
731 3189 866 3246 coram
903 3159 1043 3272 primis
1066 3182 1109 3244 et
1136 3155 1315 3247 secundis
1352 3151 1552 3256 iudicibus

240 3269 537 3381 produstorum
563 3275 662 3386 petit
686 3270 887 3384 publicari,
911 3268 954 3359 et‘
967 3271 1114 3358 ndelae
1129 3268 1373 3359 beneficium
1393 3272 1550 3357 restitu-

241 3385 363 3470 tionis
388 3385 591 3497 impendi‚
619 3389 810 3474 sententia
832 3387 1039 3504 Pragensrs
1062 3387 1240 3500 Episcopi
1261 3383 1489 3498 reprobata,
1499 3382 1554 3476 ad

240 3496 504 3584 adsertionem
528 3504 742 3616 propriam.
761 3500 1058 3601 roborandum,
1087 3503 1226 3614 multis
1250 3493 1348 3588 iuris
1373 3499 1550 3588 Canoni-

240 3613 273 3700 ci
298 3635 338 3702 et
364 3613 487 3698 ciuilis
509 3617 760 3728 argumentis
783 3617 971 3705 induslis.
1025 3618 1313 3704 Procuratores
1337 3643 1438 3702 vero
1460 3640 1550 3726 par·

239 3729 292 3814 tis
323 3725 505 3813 aduersae
521 3733 790 3818 attestationes
810 3761 896 3818 non
923 3731 1000 3817 elle
1025 3729 1252 3837 aperiendas
1269 3727 1466 3825 dicebant,
1475 3753 1546 3813 ne-

214 3909 220 3924 .
267 3857 321 3926 ue
344 3839 563 3928 secundum
581 3869 646 3928 eas
669 3845 710 3930 in
732 3847 902 3960 negotio
927 3839 1254 3955 procedendum,
1274 3844 1468 3954 quoniam
1484 3841 1546 3926 iu·
1685 3892 1689 3901 ·

267 3955 343 4044 'ces
374 3957 442 4044 lite
474 3983 563 4044 non
600 3963 814 4048 contestata
845 3982 886 4046 et
906 3957 1005 4044 iuris
1034 3951 1175 4042 ordine
1206 3955 1546 4152 praetemussopc

447 4093 451 4100 .
888 4086 930 4128 ·.
999 4151 1003 4157 .
1468 4097 1544 4154 ο.

267 4203 324 4299 ¹(a)
347 4205 433 4284 Vide
451 4229 712 4304 tricoccum
729 4206 784 4285 111.
804 4205 856 4282 Bb.
871 4211 912 4279 Χ.
933 4154 980 4306 ι).
996 4212 1069 4295 114.
1437 4098 1463 4182 p
