3759 4784
325 260 426 385 2³4*
574 235 588 306 '¹
635 271 788 402 capul.
812 290 929 368 aar.
956 250 1167 361 palatum
1182 264 1347 385 turpata„
1488 295 1533 317 ¹-

246 557 251 579 ,
331 460 515 547 rilitatem
534 456 728 541 malitiose
744 452 814 552 sthi
831 473 1108 569 procuratam,
1130 476 1175 539 vt
1202 456 1413 567 concipere
1437 478 1522 546 non
1548 480 1645 568 pos·

328 578 397 673 stt,
414 573 477 659 vel
501 572 557 659 ob
571 568 739 659 abortus
757 594 997 681 perpetuam
1012 572 1351 680 procurationem.
1396 570 1516 683 Quae
1532 598 1644 657 caus·

328 691 386 777 sae
406 710 600 797 tanquam
622 687 742 770 iustae
766 683 874 769 etad
897 683 1122 771 diuortium
1143 678 1382 773 sufficientes
1405 684 1570 771 vberius
1599 682 1643 769 il·

235 875 252 903 ,
324 804 540 889 lustrantur
558 825 599 886 et
614 796 853 911 probantur,
878 796 927 885 ab
951 797 1092 884 Illustr.
1117 824 1386 887 uosrrusao
1403 798 1504 907 (k),
1528 798 1641 889 catius

302 917 559 1006 surrentum
579 912 663 1001 huc
684 911 937 999 transcribere
961 906 1254 1027 superuacuum
1273 911 1393 999 soret.

439 1223 676 1317 canonistae
697 1226 738 1312 in
773 1225 923 1336 nuptiis
947 1253 994 1309 ex
1022 1224 1210 1314 nullitatis
1239 1222 1468 1331 rationibus
1496 1219 1637 1307 admo·

326 1348 429 1435 dum
442 1344 533 1427 sunt
556 1340 687 1427 faciles
710 1338 970 1439 dirimendis,
996 1338 1174 1451 ideoque
1201 1341 1335 1453 plures
1360 1336 1637 1451 excogitarunt

326 1458 515 1547 nullitatis
542 1455 698 1541 caussas.
753 1456 805 1539 lis
829 1456 951 1553 enim,
973 1480 1076 1565 quae
1093 1458 1180 1542 iure
1199 1477 1363 1539 naturae
1378 1454 1536 1563 nuptias
1550 1447 1638 1535 red-
1763 1494 1765 1502 ·

104 1678 107 1685 Ι
326 1572 431 1661 dunt
459 1568 602 1665 nullas,
633 1568 880 1766 gumueiam
903 1568 1019 1677 supra
1038 1566 1277 1660 adduximus
1311 1569 1479 1673 (§.X.)‚
1508 1588 1637 1649 nouas
1677 1623 1682 1633 1

93 1744 97 1751 ·
192 1759 196 1768 .
326 1687 521 1799 quasdam
545 1680 633 1767 addi
662 1704 784 1768 erunt
802 1680 1026 1795 pontifices.
1113 1684 1174 1767 Sic
1195 1710 1243 1768 ex
1267 1682 1456 1768 nullitatis
1482 1680 1637 1763 ratione

325 1800 595 1889 dissoluuntur
620 1799 891 1901 matrimonia,
904 1824 1015 1907 quae
1031 1798 1285 1893 contradas
1311 1790 1557 1907 coniugibus
1570 1791 1635 1875 sal·

324 1945 379 2005 ua
405 1913 637 1999 conscientia
652 1912 880 1995 continuari
903 1938 990 1995 non
1017 1912 1204 2019 positast,
1227 1930 1370 2021 vtpote
1390 1908 1416 1992 sa
1440 1909 1531 2017 quis
1546 1928 1638 1991 ante
1682 1957 1685 1965 ·

323 2026 631 2119 matrimonium
657 2024 802 2109 initum
821 2045 923 2109 voto
943 2024 1122 2109 castitatis
1148 2018 1360 2109 obstriuus
1379 2027 1396 2127 (
1408 2023 1468 2128 l),
1498 2012 1573 2105 'aut
1594 2020 1636 2105 in

286 2147 294 2163 ‘
326 2141 469 2230 ordine
492 2140 599 2223 sacro
622 2139 876 2227 constitutus.
935 2140 1028 2223 Huc
1044 2166 1214 2249 quoque
1230 2138 1431 2249 pertinent
1458 2137 1637 2245 nuptiae,

298 2250 426 2369 puae
445 2282 541 2340 cum
565 2251 690 2337 velata
710 2248 1022 2351 contrahuntur,
1042 2252 1178 2365 quales
1194 2252 1362 2341 fuerunt
1377 2251 1536 2346 Hernici
1552 2250 1636 2342 Au·

322 2374 435 2483 cupis
451 2398 549 2455 cum
574 2362 977 2479 Hatburge,quippe
994 2394 1096 2477 quae
1111 2364 1230 2453 vidua
1251 2366 1351 2453 sada
1377 2351 1636 2469 velumflacc'e·

322 2508 458 2601 petat,
482 2486 536 2567 ast
552 2478 602 2563 ab
620 2483 796 2565 isenrico
811 2482 853 2565 in
870 2480 1177 2567 matrimonium
1203 2504 1336 2593 rapta,
1365 2478 1531 2583 ideo-ab
1553 2478 1635 2589 epi·

63 2626 70 2633 ·
170 2641 211 2665 ν
320 2602 443 2707 scopo
471 2589 792 2679 Halberstadiensr
827 2594 1198 2679 excommunicatus
1227 2596 1283 2679 est
1314 2595 1512 2689 Henricus
1541 2598 1633 2701 (nr).

322 2706 481 2811 Deinde
512 2706 646 2791 nullae
679 2706 769 2793 sunt
799 2708 962 2815 nuptiae
990 2708 1293 2819 eorumquiin
1316 2707 1442 2823 gradu
1460 2706 1634 2815 velcon-

302 2818 592 2937 .sanguinitatis
618 2815 681 2905 vel
711 2814 928 2903 affinitatis‹
945 2818 1156 2929 prohibito
1192 2819 1262 2907 fibi
1300 2827 1389 2908 sunt
1417 2818 1632 2910 tonitruus.
1673 2854 1678 2877 ¹

322 2944 375 3031 Et
397 2936 485 3024 licet
504 2930 744 3046 huiusmodi
759 2934 922 3045 nuptiae
946 2956 1046 3019 tunc
1069 2932 1237 3038 demunt
1253 2934 1416 3032 dissolui¹
1424 2931 1633 3041 deberent,

317 3058 346 3141 sr
376 3054 474 3140 circa
489 3044 721 3138 affinitatem
744 3048 810 3135 seu
828 3045 1209 3161 consanguinitatem
1223 3050 1339 3149 nulla,
1350 3050 1469 3167 plane*
1484 3050 1634 3158 aspen,

253 3178 257 3185 ’
319 3169 415 3260 satio
432 3166 570 3251 locum
592 3159 740 3250 habere
763 3158 1097 3273 possit3.multos
1127 3186 1262 3249 tamen
1287 3186 1329 3250 et
1353 3165 1570 3275 antiquiori
1592 3186 1634 3253 et

322 3279 533 3368 recentiori
559 3300 746 3386 ternpore
770 3274 834 3363 hic
852 3272 1114 3362 obseruamus
1133 3274 1291 3377 abusus,
1310 3276 1409 3362 dum
1426 3278 1632 3365 interdum

321 3396 498 3511 legitima
526 3388 730 3497 nullisque
748 3418 796 3473 ex
819 3388 970 3477 'caussas
1001 3386 1234 3477 duolubilla
1260 3388 1470 3478 illustrium
1498 3393 1633 3479 marri·
1705 3394 1718 3407 “

319 3502 539 3600 moniasub
553 3499 730 3589 confido
746 3505 1093 3617 consanguinitatis
1107 3504 1188 3589 'seu
1203 3499 1404 3594 affinitatis
1425 3531 1633 3619 praetextu

320 3624 430 3710 nulla
445 3616 710 3713 declarentur,
733 3616 848 3726 quod
871 3616 1007 3701 media'
1022 3640 1159 3703 aetate¹
1178 3646 1229 3702 eo
1242 3608 1406 3721 'ladius
1440 3620 1630 3733 procede-

318 3735 402 3838 bat,
430 3764 527 3825 cum
545 3728 826 3820 deficientibus
847 3752 918 3817 aut
942 3760 1028 3822 non
1043 3732 1128 3817 satis
1145 3734 1320 3853 cognitis
1335 3731 1546 3824 illustrium
1561 3762 1632 3851 ge-
1692 3816 1696 3823 ,

527 3880 531 3888 ’
1507 3876 1633 3940 .nea

370 4036 442 4129 (k)
469 4033 544 4105 sm
558 4032 662 4119 “dest
672 4032 796 4126 protus.
820 4030 866 4105 lib
888 4030 945 4105 lV.
967 4032 1016 4105 tir.
1031 4026 1120 4134 ης
1145 4049 1213 4122 27.
1229 4048 1288 4129 35,
1351 4094 1359 4123 ι

365 4124 861 4230 (utrumnam
1234 4205 1236 4211 Ι

363 4241 428 4334 (m)
456 4230 543 4307 Vide
563 4228 704 4338 seule
723 4228 931 4331 dedamis
959 4236 1063 4306 Germ·
1083 4230 1241 4341 §glires
1267 4228 1481 4333 pausiam.
1673 4218 1708 4281 ἰ
