3759 4784
344 333 395 409 na
678 325 755 419 cap.
767 315 817 397 tt.
841 317 1066 399 »tarenorum
1081 314 1123 390 ab
1149 311 1319 416 impetiar

205 551 210 558 -
347 482 567 588 tuendum,
582 473 785 576 ernora
812 489 982 604 Regina,
1012 486 1203 573 sententia
1225 487 1484 600 pronuntiata
1498 513 1583 576 non
1603 475 1662 579 in-
1742 555 1747 564 ·

346 608 431 692 uita
446 601 496 688 ad
515 605 696 689 sororem
722 603 1004 719 Berengarinm
1021 601 1129 700 abiit,
1151 601 1308 714 oppidis
1325 601 1544 704 dotalibus,
1561 633 1662 717 quae

345 723 387 808 in
406 718 628 832 Arragonia
643 715 1241 828 habebat,retentis,multaque
1271 718 1520 832 supellectile,
1545 747 1661 819 auto,

347 835 582 954 gemmis,et
594 839 700 918 veste
708 833 875 946 pretiosa
884 833 1018 917 secum
1029 832 1223 944 asportata
1238 839 1319 940 (ηε
1353 837 1420 919 De
1444 833 1589 920 eodem
1605 831 1661 922 di·
1695 869 1701 883 “

341 950 483 1038 uottio
502 973 742 1036 nunaunt).
772 971 1017 1034 Gomcsivs
1031 951 1085 1054 (s)
1103 943 1363 1058 ficloquituc:
1396 948 1456 1048 sai
1469 948 1550 1032 huic
1567 948 1660 1056 (ul-

344 1063 460 1155 fonso
469 1059 552 1148 filio
563 1090 609 1148 ex
617 1059 699 1148 hoc
709 1061 987 1166 matrimonio)
997 1055 1153 1162 obstabat
1163 1089 1269 1178 quam
1284 1069 1440 1144 tacaxime
1452 1061 1658 1169 diuortium,
1710 1059 1713 1064 ’

344 1177 439 1302 quod
449 1179 561 1296 paula
583 1201 668 1260 ante
693 1173 835 1260 Iacobus
856 1205 935 1258 cum
951 1177 1196 1278 iliafeceeat,
1228 1175 1372 1279 tametst
1394 1173 1548 1258 diuortii
1577 1207 1661 1260 cau·
1752 1193 1757 1200 '

336 1297 406 1409 sas
428 1291 543 1386 naias
565 1293 804 1406 expncfferat,
832 1313 981 1404 praeter
1000 1287 1283 1404 impedimentum
1302 1320 1341 1372 to
1365 1293 1522 1371 nationis
1539 1295 1666 1402 quarti

336 1403 502 1528 gracias,
524 1405 644 1522 quase
673 1399 923 1521 attingebant:
947 1407 1135 1519 utriusque
1153 1407 1247 1484 enim
1270 1403 1322 1486 At
1340 1403 1439 1506 nufias
1461 1403 1658 1516 Hispania-
1744 1406 1754 1420 “

249 1515 253 1521 ’
343 1548 426 1620 rum
445 1525 644 1634 imperator
668 1537 826 1632 proaem
842 1539 926 1598 erat
940 1547 955 1596 .·
1037 1519 1096 1598 ino
1122 1513 1240 1620 isam
1268 1517 1390 1618 causa,
1411 1537 1522 1634 neque
1549 1513 1689 1634 digna,

332 1638 459 1748 fitis,
474 1659 547 1751 qua
562 1635 827 1714 matrimonium
857 1628 998 1746 alioqui
1032 1537 1162 1730 casiam
1188 1651 1223 1712 ct
1258 1629 1541 1732 immaculatum,
1576 1655 1661 1712 tan·

345 1774 455 1866 taque
488 1773 565 1830 cum
598 1737 779 1862 dignitate
817 1740 1000 1845 iuniium,
1037 1767 1112 1824 tum
1144 1741 1248 1858 prole
1281 1739 1534 1844 cohonestatum
1568 1739 1661 1826 diri-

347 1885 528 1948 meretur:
562 1859 776 1972 praesertim
802 1885 880 1940 cum
904 1880 980 1939 tam
1002 1851 1127 1958 fhcile
1150 1857 1312 1964 patunffet
1346 1855 1436 1939 illud
1470 1855 1660 1960 Pontificio

349 1973 559 2080 confirmari
578 1967 781 2083 diplomate.
831 1965 969 2080 Pergit
993 1975 1237 2056 commus
1274 1971 1345 2076 (t):
1378 1997 1455 2052 cum
1480 1969 1576 2050 nulia
1590 1971 1659 2072 fr·
1701 2071 1706 2076 ι

346 2115 390 2172 re
412 2115 437 2167 a
451 2079 493 2166 re
516 2109 537 2164 e
544 2083 675 2184 fuerit
697 2079 850 2166 diuortii
863 2083 968 2188 cataste
986 2084 1148 2196 expensa
1162 2105 1287 2166 cantra
1318 2087 1510 2172 manaan
1524 2083 1659 2185 seemi-

342 2227 430 2284 nam
452 2111 591 2314 αῆςααααί
610 2199 765 2314 Regiam
782 2191 1055 2312 perpulchram,
1081 2193 1299 2296 foecundam
1315 2219 1352 2276 ec
1365 2193 1520 2299 casiam,
1542 2225 1587 2278 ac
1601 2199 1658 2278 ni·

346 2311 536 2397 bilancinus
560 2305 756 2394 diuortium
776 2332 963 2420 tantopere
981 2303 1030 2392 ab
1053 2331 1357 2424 competentur,
1379 2305 1552 2392 creditum
1573 2308 1658 2418 pla·
1716 2363 1723 2368 -

346 2453 391 2510 ne
404 2427 514 2528 fluit,
526 2448 603 2506 tan
624 2417 853 2528 insanabilem
860 2422 1010 2536 plagam
1024 2449 1092 2503 non
1104 2419 1258 2525 aliunde,
1266 2449 1375 2538 quam
1389 2417 1669 2537 dionisam-1

347 2544 468 2639 nitus,
498 2559 605 2648 atque
632 2531 743 2637 inusta
776 2541 889 2615 menti
914 2531 992 2614 odia
1011 2537 1183 2647 erupisse,
1201 2534 1297 2650 quad
1315 2563 1364 2617 ex
1390 2559 1574 2618 maturata
1599 2563 1657 2619 ca-

338 2646 504 2735 rumdem
526 2652 752 2730 matrimonio
766 2647 858 2750 ficit
874 2668 1245 2760 mutuoconceptum3
1280 2643 1402 2730 Iacobo
1422 2671 1505 2732 tunc
1532 2659 1656 2764 pueri,
1728 2655 1732 2662 ’

294 2770 300 2782 ’
346 2791 392 2850 at
407 2757 641 2848 duodecimum
659 2765 729 2843 oin
745 2757 827 2843 dum
846 2787 979 2842 annam
994 2763 1196 2874 attingente
1207 2823 1221 2864 ‚
1234 2759 1376 2879 seseque
1407 2761 1599 2864 incusante,
1613 2776 1667 2846 αι’

345 2875 395 2984 esi
421 2883 462 2959 in
482 2880 560 2958 eius
587 2871 758 2980 historia,
779 2869 951 3069 pisper
964 2875 1110 2964 XVIII.
1124 2875 1253 2979 mensa
1268 2903 1345 2958 cum
1368 2879 1510 2991 Regina
1528 2899 1658 2990 eorpus

223 3046 228 3050 ·
345 2993 492 3098 miscere
506 3015 550 3072 ne
573 2992 721 3074 uiuerit.
812 2983 878 3070 mie
898 3015 947 3070 ex
967 2983 1059 3095 hisce
1089 2994 1332 3099 praematuris
1351 2992 1490 3102 nuptiis
1518 2983 1657 3073 tantuin
1791 3012 1798 3034 ‘

344 3105 421 3194 odii
436 3013 655 3222 fasiitgiquc
669 3107 769 3186 cone'
787 3106 809 3184 'i
821 3099 918 3210 ficiet
949 3107 1047 3183 inter
1074 3099 1285 3206 toniuntffos,
1314 3099 1467 3221 adeoque
1494 3100 1658 3186 libidinis

335 3225 480 3327 soenes,
504 3241 595 3332 prae
615 3207 742 3299 imbeci
766 3223 860 3302 itate
879 3211 1023 3299 accendi
1039 3220 1157 3333 magis
1170 3245 1208 3306 ;.
1237 3241 1278 3300 ot
1311 3213 1393 3299 hinc
1429 3211 1555 3326 ambo,
1589 3241 1657 3298 non

344 3331 441 3420 nudo
456 3333 577 3416 uariis
596 3325 748 3432 distrahi
762 3321 1063 3447 cogitationibus,
1087 3357 1114 3410 α
1121 3327 1227 3446 sique
1242 3353 1391 3412 mentem
1409 3327 1571 3411 alienare
1596 3335 1656 3412 in·

346 3453 510 3562 cipiunt:
534 3469 659 3556 verum
680 3440 791 3562 neque
801 3442 879 3551 fise
901 3441 1056 3554 amplius
1089 3441 1315 3558 contingere,
1344 3467 1454 3558 neque
1469 3443 1582 3548 fimul
1600 3445 1669 3526 vi·-

340 3591 449 3666 uere,
469 3561 628 3676 quinimo
645 3549 809 3642 connubii
817 3551 1025 3654 vinculum,
1048 3580 1116 3667 quo
1137 3551 1403 3674 asirirtguntur,
1440 3583 1546 3675 quam
1580 3579 1657 3642 mn-

338 3684 443 3761 xime
453 3671 554 3781 solui
572 3677 734 3789 cupiant.
766 3668 770 3676 '
821 3665 918 3752 Vnde
929 3665 1095 3783 colligere
1111 3666 1175 3769 esi,
1198 3665 1366 3754 eiusmodi
1380 3673 1570 3783 praecocia
1596 3691 1656 3752 nt·

343 3815 413 3910 qne
428 3808 617 3872 materam
625 3787 859 3874 matrimonia
870 3845 885 3892 ,
906 3807 1081 3900 tanquam
1111 3779 1294 3894 instabilia
1332 3805 1369 3870 et
1401 3779 1555 3889 caduca,
1593 3779 1658 3890 effe

481 3952 485 3961 .
1568 3918 1659 4016 qus.

393 4120 444 4214 (r)
465 4115 575 4190 verba
596 4111 670 4190 tant
688 4111 919 4216 'ulmum
940 4107 998 4190 m.
1006 4113 1077 4188 nu.
1097 4087 1126 4188 ὲ.
1134 4109 1222 4188 xm.

390 4224 448 4314 (ε)
474 4216 543 4334 ttb.
561 4219 601 4286 V·
625 4235 756 4313 μαῖα.
