3759 4784
324 3759 418 3820 tans.
468 3736 571 3820 Exin
593 3735 781 3850 Poppaeae
796 3741 1036 3856 coniungitur.
1058 3798 1062 3804 -
1092 3741 1150 3826 Eo
1173 3733 1235 3820 diu
1251 3733 1375 3852 pellex
1387 3794 1400 3838 ‚
1432 3755 1470 3814 et
1483 3727 1642 3932 adulxri

268 3889 275 3894 .
1604 3873 1642 3929 e,

305 313 358 390 70
615 317 624 332 ·
656 297 732 390 cap.
752 295 799 369 tt.
833 251 1109 366 »unsarana
1130 253 1298 416 ilastet‘lm
1329 365 1334 376 ,

276 482 282 496 “
308 487 413 582 quesn
443 463 597 546 Romani
612 457 744 545 dicunt.
816 467 943 546 Nonne
957 455 1103 544 decorus
1123 455 1208 548 hice
1230 483 1341 542 nonne
1366 485 1490 542 recens
1507 459 1628 558 consu·

310 576 397 660 aas?
452 583 511 660 Ne
535 580 578 658 u'e
607 599 727 658 tamen
747 573 897 676 oestrum
912 601 1104 690 qnisquam
1119 577 1242 666 nouit,
1265 601 1339 690 qna
1350 597 1462 687 parte
1480 597 1626 688 premat

311 718 424 774 neum
448 713 496 806 pe
537 717 581 770 ns.
636 695 733 772 Nam
762 714 891 771 seuera
923 714 1056 804 magna
1078 711 1231 803 peccata
1258 687 1343 770 esaei
1363 712 1430 769 ata
1457 687 1630 803 quasdam

308 806 473 888 mulieres
508 827 729 920 egrcgmunt
744 833 769 886 a
786 807 899 886 Viris.
950 810 1055 909 rom
1084 829 1169 884 vero
1184 829 1234 882 en
1263 715 1382 883 maiia
1395 799 1628 918 autquodam

312 915 754 1023 mammdiscanuenientia
770 917 962 1000 nascuntur
981 940 1101 1028 parua
1139 940 1176 996 et
1197 915 1419 1030 frequenta
1442 939 1631 998 transuer-

300 1033 424 1141 saria,
441 1031 533 1116 alios
549 1025 1166 1136 latentia,faoiuntimsnedicabiles
1179 1034 1220 1112 in
1232 1027 1393 1113 canuno
1408 1025 1629 1136 diffenstones.

428 1337 621 1428 Claudius
654 1341 750 1450 imp.
774 1215 931 1426 uxore}
951 1209 1064 1424 <illle
1079 1335 1305 1426 Plautinum
1315 1337 1623 1454 Vrgulanillam,

167 1525 179 1544 ,
313 1453 567 1567 triumphali,
609 1477 650 1540 et
676 1481 774 1538 mox
798 1453 1008 1538 Aemiliam
1040 1453 1244 1550 Petinam‚
1282 1455 1473 1540 consulati
1504 1479 1629 1566 patre.

314 1575 426 1659 Cum
456 1593 626 1679 utraque
648 1565 873 1654 diuortium
897 1569 1008 1653 fecit:
1037 1565 1102 1652 sed
1125 1596 1219 1653 cum
1241 1569 1381 1652 Petina
1403 1598 1452 1654 ex
1467 1567 1630 1654 leuibus

317 1685 504 1772 offensis:
537 1710 631 1768 cum
647 1681 894 1796 Vrgulanilla
921 1679 978 1768 ob
1009 1679 1219 1766 libidinum
1250 1679 1450 1794 probrum
1482 1706 1525 1768 et
1555 1680 1632 1768 ho·
1716 1731 1720 1738 -

200 1791 212 1808 ’
315 1797 459 1886 micid'ii
489 1797 745 1910 suspicionem
771 1793 864 1906 (h).
921 1799 1035 1882 Nero
1052 1798 1150 1908 imp.
1172 1796 1387 1882 Oilauitm
1409 1801 1634 1910 Augustam

316 1917 448 2026 primo
480 1935 646 2023 propter
669 1907 856 1996 Sabinam
887 1911 1068 2020 pellicem
1109 1911 1355 2022 repudiauit,
1387 1915 1478 2023 post
1511 1911 1632 1996 inter·

315 2029 418 2114 fecit.
481 2027 542 2110 Sic
579 2027 690 2108 enim
720 2023 771 2110 de
811 2023 959 2110 eodem
1004 2051 1278 2116 svntontvs
1312 2027 1398 2131 (ile
1459 2027 1635 2110 Oilaniae

316 2139 589 2250 consuetudinem
619 2145 690 2222 cita
708 2139 946 2255 aspernatus,
981 2138 1259 2256 corripientibus
1284 2147 1441 2242 amicis,
1464 2140 1634 2245 ficfficere

251 2267 257 2280 ’
316 2257 373 2341 illi
396 2249 519 2340 debere
546 2252 725 2368 respondit
739 2259 890 2338 onmia
926 2278 1146 2343 monumenta.
1225 2251 1381 2338 Eandem
1421 2283 1505 2348 onan
1522 2254 1635 2366 stupe

304 2367 456 2476 frustra
477 2367 709 2488 strangnlase
722 2365 925 2475 meditatus,
941 2354 1071 2474 dionistt
1087 2367 1292 2470 oosteriiem
1306 2398 1323 2459 ;
1334 2363 1637 2483 sedimprobante

317 2483 578 2676 diuortiumpo

542 2625 555 2674 s

574 2483 677 2596 pulo,
699 2510 760 2567 nec
782 2505 957 2598 parcente
973 2485 1162 2584 cannitiis,
1178 2489 1291 2566 etiam
1315 2481 1504 2598 relegauit.
1559 2484 1635 2564 De·

318 2603 427 2714 nique
447 2603 519 2677 occi
557 2618 574 2673 t
582 2589 655 2698 jub
672 2600 823 2680 crimine
844 2591 1114 2700 adulteriorum,
1139 2591 1226 2680 adea
1252 2589 1633 2712 inpacientifaffaqna

319 2734 360 2794 vt
388 2715 427 2792 in
458 2703 656 2824 quaestione
683 2705 963 2828 pernegantibus
986 2707 1149 2820 condis,
1182 2715 1372 2794 Anicetum
1394 2705 1639 2824 paedagogum

306 2823 415 2932 suum
446 2813 817 2927 indicemsubiecerit,
846 2831 911 2940 qni
926 2821 1001 2910 doio
1014 2823 1223 2959 stupratam
1245 2821 1319 2930 ase
1327 2823 1541 2926 fatemur:
1572 2817 1637 2904 Li:

320 2956 382 3021 cet
409 2959 495 3018 non
521 2929 718 3034 deessent,
740 2938 811 3049 qui
842 2933 916 3024 hac
939 2937 982 3024 in
1004 2966 1049 3024 re
1069 2940 1139 3054 spss
1163 2931 1417 3032 obfisterent‚
1437 2929 1634 3020 dicentest

199 3123 206 3128 .
320 3047 461 3136 dotem
485 3049 545 3147 ei,
567 3041 649 3135 hoc
680 3052 760 3151 est,
788 3053 1060 3166 Principatum
1092 3049 1228 3142 redde.
1286 3047 1463 3134 Vben‘us
1499 3069 1639 3135 totum

322 3165 538 3278 negotium
564 3180 775 3255 Ta‘ctevs
800 3167 883 3277 (k)
909 3190 1066 3254 enarrat
1079 3167 1130 3252 de
1144 3171 1342 3262 Nerone,
1368 3165 1423 3249 ita
1443 3159 1635 3248 scribens:

323 3283 500 3366 Deeratne
525 3305 564 3360 eo
588 3285 724 3362 nominc
736 3283 1047 3397 supplicationes,
1070 3307 1180 3401 utque
1203 3279 1301 3364 Solia
1333 3301 1370 3358 et
1396 3277 1549 3362 Plautus
1578 3281 1639 3372 Se·
1703 3283 1720 3355 ’,

322 3417 410 3477 natu
432 3413 658 3473 mouerentur
668 3455 681 3496 ‚
685 3389 926 3508 grauioribus
947 3421 1064 3479 tanen
1087 3389 1255 3479 mdibriis
1269 3419 1376 3511 qnam
1398 3389 1515 3474 malis.
1562 3391 1660 3506 {gi-

321 3532 386 3590 tar
409 3527 550 3618 accepto
571 3508 724 3588 Patrem
741 3506 916 3614 conficito,
942 3507 1017 3621 post
1042 3537 1124 3591 naon
1145 3506 1291 3594 osennae
1300 3504 1475 3612 scansam
1487 3501 1640 3610 ficorum

320 3643 389 3736 pra
416 3622 577 3739 egregiis
604 3624 723 3733 accipi
744 3619 869 3724 uidet,
901 3535 1075 3706 excoriat
1107 3621 1317 3723 Odaaiaon,
1341 3615 1502 3722 sterilem
1531 3613 1642 3701 atat·

375 4061 445 4144 (Μ
471 4083 712 4134 svnrontvs
731 4061 862 4160 Claudio
878 4065 1040 4147 exxvt.

458 4169 582 4233 Nerone
614 4187 642 4236 c.
657 4163 792 4240 XXXV.

260 4263 264 4270 ’
371 4174 450 4364 ild)
472 4264 589 4336 Annei.
611 4269 737 4346 1.th
760 4273 865 4340 cett.
907 4313 917 4326 =
