3759 4784
373 340 380 348 ,
410 281 491 377 cap,
507 230 651 353 susle
659 232 963 370 widnalium,
984 298 1067 373 quar
1079 280 1164 349 inter
1179 274 1309 379 stapes
1329 298 1411 401 etc,
1487 298 1561 377 375
1599 374 1601 382 Ι

139 568 144 579 ’
349 572 546 659 ransimus
571 568 621 673 ad
638 570 810 685 iudicem
832 574 1051 685 caussarum
1066 588 1084 681 ,'
1121 579 1224 687 qua'e
1256 570 1313 663 de
1343 573 1558 661 martino*
1658 554 1660 559 ⁵
1748 605 1751 616 ¹

238 572 350 817 T
375 689 449 773 niis
474 687 686 775 illustrium
709 683 912 801 agitantur
933 686 1219 793 dissoluendis,
1248 712 1289 775 et
1318 688 1556 803 praeprimis

247 835 257 849 ·
371 803 661 899 examinamus,
688 802 965 894 anillustrium
986 800 1160 889 diuortia
1178 806 1403 901 necessario,
1425 804 1553 889 inter·

239 918 433 1007 tremente
454 915 593 1003 iudicis
616 915 864 1021 austoritate,
879 914 969 1003 fieri
988 903 1189 1015 debeant?¹
1223 917 1355 1031 Qod
1371 914 1420 999 ad
1442 940 1560 1003 natu·
1636 1018 1642 1026 ι
1683 906 1695 927 “

205 1058 315 1148 xrae.
336 1031 477 1117 attinet
500 1031 627 1143 leges,
657 1058 827 1143 omnes,
850 1032 921 1141 qui
945 1032 988 1116 in
1010 1034 1112 1117 statu
1135 1035 1281 1119 uiuunt
1313 1030 1502 1128 naturali,
1531 1032 1615 1115 a*

239 1145 380 1253 iudicia
401 1146 516 1255 plane
539 1147 631 1229 sunt
648 1142 763 1233 liberi·
773 1149 988 1259 pot'estate,
1009 1146 1184 1261 ideoque
1200 1148 1248 1233 'in
1268 1146 1558 1251 diuortiorum
1690 1152 1699 1164 “

241 1256 381 1364 eauffis
399 1259 570 1347 iudicem
587 1255 740 1344 habent
754 1258 927 1345 nullum.
987 1262 1048 1345 Sic
1072 1290 1127 1372 qu
1152 1287 1153 1294 ¹
1188 1291 1241 1349 ue
1257 1263 1350 1347 iura
1373 1260 1452 1347 Dei
1475 1286 1556 1371 po·

209 1377 354 1461 ‚litiua
378 1372 520 1460 nullibi
533 1370 822 1485 praescribunt,
842 1397 888 1461 vt
912 1372 1086 1489 diuortia
1118 1292 1256 1463 iddrcis
1295 1373 1393 1461 fiant
1416 1372 1556 1461 austo-
1645 1464 1649 1483 q

128 1560 133 1572 .
241 1479 369 1588 ritate,
391 1490 529 1601 potius
560 1488 681 1573 sacrae
703 1488 877 1587 litterae,
917 1487 1090 1575 diuortia
1112 1519 1161 1575 ex
1189 1483 1398 1578 leuissimis
1412 1480 1555 1603 caussis
1578 1516 1581 1528 ¹

242 1629 284 1694 et
306 1631 381 1717 pto
404 1600 570 1688 arbitrio
590 1598 744 1712 absque
765 1602 904 1689 iudicis
921 1604 1109 1688 sententia
1130 1604 1270 1701 facere,
1289 1604 1554 1715 ludaeisper·

240 1721 425 1816 mittunt,
454 1717 549 1802 dato
579 1714 709 1801 solum
734 1717 891 1828 repudii
906 1712 1057 1829 libello,
1112 1722 1162 1803 Et
1175 1717 1555 1829 licethrilluspra·
1659 1750 1662 1759 ·

239 1834 338 1921 u'am
355 1832 504 1937 hancce
524 1829 771 1917 ludaeourm
793 1830 1123 1919 consuetudinem
1142 1836 1324 1932 correxit,
1341 1833 1554 1943 solumque

246 1944 304 2034 ob
326 1944 581 2048 adulterium,
599 1942 855 2058 idque‚qu''od
871 1946 1051 2031 adulterii
1062 1944 1184 2035 habet
1194 1951 1406 2047 rationem,
1418 1944 1554 2031 diuor·
1654 2024 1656 2032 ,

155 2117 163 2132 ,
244 2062 297 2151 tia
312 2060 515 2172 permisrt,
536 2055 676 2149 nullibi
691 2082 827 2146 tamen
853 2084 1110 2173 praeceptum
1139 2060 1153 2146 l
1205 2066 1328 2163 imur,
1344 2061 1553 2149 matrimo-

239 2178 309 2266 nia
330 2171 501 2260 nonnisr
523 2172 660 2259 iudicis
679 2175 913 2285 austoritate
936 2178 1013 2262 effe
1033 2176 1171 2263 soluen
1203 2204 1235 2263 a.
1291 2175 1407 2289 Qid
1440 2170 1555 2287 quod

237 2318 295 2389 ‚ex
315 2289 407 2403 ipsrs
425 2282 571 2374 Christi
584 2283 717 2373 verbis
751 2285 923 2376 diuortia
946 2291 1027 2395 fine
1051 2293 1214 2403 praeuio
1231 2292 1370 2379 iudicis
1387 2288 1556 2377 deueto
1634 2386 1654 2411 ι

136 2423 141 2437 ’
245 2428 368 2495 erunt
384 2401 595 2515 permissa'
627 2398 910 2517 Interrogatus
926 2405 1034 2509 enim
1057 2403 1256 2505 Christus,
1272 2434 1322 2512 an
1343 2430 1414 2519 per
1433 2403 1554 2516 repuss
1695 2468 1701 2477 .

243 2516 298 2605 dii
317 2514 499 2605 libellum
521 2544 691 2603 vxorem
720 2517 921 2605 duruttere
938 2518 1051 2605 liceat
1073 2524 1149 2628 (all
1205 2520 1437 2634 respondit,
1471 2516 1557 2607 hoc
1603 2622 1607 2631 ¹

117 2665 121 2674 ·
241 2660 330 2727 non
353 2630 481 2729 licere,
495 2630 562 2715 nisr
579 2626 635 2718 ob
656 2628 722 2731 id,
735 2630 850 2745 quod
867 2632 1047 2721 adulterii
1063 2636 1261 2722 rationem
1276 2632 1458 2751 haberet.¹
1486 2638 1553 2723 ln*

235 2748 296 2836 -de
320 2739 504 2835 Christus
529 2744 587 2830 ob
600 2744 843 2859 adulterium
866 2776 937 2861 per
959 2748 1116 2861 repudii
1131 2748 1334 2855 libellum,
1350 2773 1389 2837 et
1407 2748 1458 2837 src
1472 2752 1555 2835 srne

241 2862 371 2957 iudice
399 2860 625 2950 diuortium
643 2860 796 2961 facete,
832 2863 1041 2976 permittit,
1096 2862 1247 2955 Probat
1264 2868 1373 2954 enim
1383 2862 1554 2951 Iudaeo·

241 3005 336 3065 rum
358 2975 691 3064 consuetudinem
704 2980 741 3063 se
758 2974 912 3092 absque
930 2977 1058 3065 iudice
1080 2981 1344 3090 separantium
1374 3002 1558 3074 eatenus,
1671 2999 1686 3093 ’,
1756 2963 1761 2982 ἱ

244 3115 289 3173 vt
315 3096 519 3198 permittat
544 3090 601 3175 ob
619 3089 801 3207 adulterii
815 3096 1015 3182 rationem
1042 3093 1234 3193 diuortia,
1269 3093 1365 3180 dat'o
1401 3089 1560 3203 repudii
1610 3194 1620 3207 .,

166 3260 187 3326 k
244 3198 398 3299 libello,
409 3202 522 3311 sassa.
573 3206 656 3305 Ast,
672 3206 743 3302 alia
759 3209 859 3293 ratio
870 3212 936 3317 ,est
951 3213 1072 3297 status
1094 3206 1230 3307 ciuilia,
1241 3227 1330 3321 quo
1356 3208 1556 3317 imperan-

245 3316 299 3399 tis
323 3317 392 3410 est,
416 3312 574 3427 legibus
606 3347 760 3419 cauere,
782 3350 835 3408 ne
856 3322 956 3434 quid
976 3320 1177 3436 fiat,.quo
1211 3322 1480 3437 tranquillitas
1502 3320 1558 3433 sa-

115 3471 121 3481 ·
241 3428 391 3537 susque
406 3426 593 3519 turbetur
615 3436 780 3532 ciuium,
802 3434 896 3522 ideo
926 3468 979 3524 ue
1002 3438 1106 3527 dum*
1124 3438 1276 3527 mtrltae
1300 3436 1560 3525 constsronea
1649 3510 1661 3517 .

245 3570 292 3631 ex
311 3540 508 3641 diuortiis,
526 3549 685 3655 priuato
700 3548 852 3634 ciuium
869 3469 1031 3639 adimo
1048 3554 1250 3663 susceptis,
1264 3552 1557 3647 enascerentur,

230 3658 507 3743 constitutum
533 3662 575 3743 in
598 3664 800 3774 plerisque
832 3665 1065 3751 inuenimus
1089 3664 1344 3765 ciuitatibus,
1373 3694 1426 3751 ne
1446 3666 1558 3751 ciues

243 3766 402 3879 absque
422 3773 580 3880 praeuia
608 3779 755 3873 caudae
774 3780 1010 3887 cognitione
1029 3804 1070 3863 et
1103 3782 1277 3867 insecuta·
1303 3780 1442 3867 iudicis
1472 3778 1558 3863 sen-

227 3887 368 3973 ·tentia
381 3882 522 3975 sudarat
546 3882 731 3974 diuortia.
818 3890 876 3971 Ex
899 3888 1047 4001 quibus
1077 3890 1164 3976 satis
1194 3916 1320 3999 patet,
1346 3890 1557 3981 nonabso·

240 4000 601 4118 lutenecessariatn
634 3998 709 4087 effe
729 3998 867 4093 iudicis
888 4004 931 4093 in
962 4002 1148 4093 diuortiis
1184 4002 1371 4095 faciendis
1402 4008 1561 4095 senten-

1444 4122 1556 4219 ilum,

288 4233 660 4374 ratmunt..
